@Article{Giorgetti2005-2139-2149,
  Title                    = {The effect of narrowband interference on wideband wireless communication systems},
  Author                   = {Giorgetti, A. and Chiani, M. and Win, M. Z.},
  Journal                  = {IEEE Trans. Commun.},
  Number                   = {12},
  Pages                    = {2139-2149},
  Volume                   = {53},
  Year                     = {2005}
}