@INPROCEEDINGS{frenchref,
  AUTHOR = {Beneton Philippe and Touchard Jean and Beton Philippe and Betin Philippe},
  BOOKTITLE = {Revue française de science politique},
  DATE = {1968},
  PAGES = {19--46},
  TITLE = {ôçLes interprétations de la crise de mai-juinŕł},
}

@ARTICLE{greenwood1988,
  AUTHOR = {Greenwood, Jeremy and Hercowitz, Zvi and Huffman, Gregory W and Williams, Joedge},
  PUBLISHER = {JSTOR},
  DATE = {1988},
  JOURNALTITLE = {The American Economic Review},
  KEYWORDS = {greenwood1988investment},
  PAGES = {402--417},
  TITLE = {Investment, capacity utilization, and the real business cycle},
}
%langid={english}

@BOOK{russainref,
  AUTHOR = {Кузнецов, А. В. and Кузнецов, C. В. and Кузнецов, D. В. and Кузнецов, E. В.},
  TITLE = {Русский язык и языковая личность},
  LOCATION = {М.},
  PUBLISHER = {Диалог МГУ},
  DATE = {1998},
  PAGES = {28},
}
%langid={russian}

@ARTICLE{刘凤良2017,
  AUTHOR = {刘凤良 and 章潇萌 and 于泽 and 黄晓},
  DATE = {2017},
  JOURNALTITLE = {金融研究},
  KEYWORDS = {刘凤良2017},
  NUMBER = {2},
  PAGES = {54--69},
  TITLE = {高投资、结构失衡与价格指数二元分化},
}%  langid={english}

@BOOK{青木昌彦1996--,
  AUTHOR = {青木昌彦 and 青木昌一 and 青木昌二 and 青木昌三},
  PUBLISHER = {東洋経済新報社},
  DATE = {1996},
  PAGES = {288},
  TITLE = {メインバンク ・ システムのモニタリング機能としての特徴},
}

@INPROCEEDINGS{kereanref,
  AUTHOR = {김주성 and 함승호 and 김기수 and 김기회},
  BOOKTITLE = {2015 한국 CAD/CAM 학회 동계학술대회 논문집},
  DATE = {2015},
  address={울산},
  PAGES = {19--46},
  TITLE = {해저 저질과 환경 하중을 고려한 침몰 선체 인양 시뮬레이션},
}

@book{kereanrefa,
  AUTHOR = {김세훈 and others},
  TITLE = { 도서판및특서진흥업 개정안 연구},
  DATE = {2003},
  address={서울},
  PAGES = {15},
  publisher = {한국운화관팡정책연구원},
}
%%김세훈, 외.   도서판및특서진흥업 개정안 연구〔M〕, 서울; 한국운화관팡정책연구원,2003: 15.


@book{kereanrefb,
  AUTHOR = {이냉목 },
  TITLE = { 도서관꺾규총람: 세 1 권},
  DATE = {2005},
  address={서울},
  PAGES = {67-68},
  publisher = {구미무역 출판부},
}
%%이냉목     도서관꺾규총람: 세 1 권[M〕. 서울: 구미무역 출판부,2005: 67-68.
%%

@article{kereanrefc,
  DATE = {2007},
  volume={48},
  number={7},
  PAGES = {11-12},
  journaltitle={ 圖書館文化},
  TITLE = {도서관 정보정책위원회 설립식 및 도서관 정보정책기획단신성},
}

%%도서관 정보정책위원회 설립식 및 도서관 정보정책기획단신성.  圖書館文化,2007 ,48(7): 11-12.

@book{japaneserefc,
  AUTHOR = {図書館用語辞典編集委員会},
  TITLE = { 最新図書館用語大辞典},
  DATE = {2004},
  address={東京},
  PAGES = {154},
  publisher = {柏書房株式会社},
}
%%
%%図書館用語辞典編集委員会．最新図書館用語大辞典[M］.東京：柏書房株式会社，2004:154.
%%

@article{russianrefc,
 author={Кочекоs, А Я},
  TITLE = {Молибден-медно-эолотопорфиооое месторождение Рябиноосе},
  DATE = {1993},
  number={7},
  PAGES = {50-58-12},
  journaltitle={ Отечестsенная гелогия}
}
%%Кочекоs А Я. Молибден-медно-эолотопорфиооое месторождение Рябиноосе[J/ОL]. ,1993(7):50-58