
@Article{anon1981-628,
  title   = {Coffee drinking and cancer of the pancreas},
  journal = {Br Med J},
  year    = {1981},
  volume  = {283},
  number  = {6292},
  pages   = {628}
}

@article{北京师范大学学报--,
  Journaltitle = {北京师范大学学报(自然科学版)}
}

@article{jmath--,
  Journaltitle = {J Math \& Phys}
}

@article{商鞅战秋菊--,
  title  = {商鞅战秋菊:法治转型的一个思想实验}
}

@article{中国科学--,
  title  = {中国科学:D辑~~~~地球科学}
}

@article{AsianPacificjournal--,
  Journaltitle  = {Asian Pacific journal of eancer prevention: e-only}
}

@ARTICLE{DUBAR2013--,
  author       = {DUBAR, K L.  AND MITCHELL, D A.},
  title        = {Revealing nature's synthetic potential through the study of ribosomal natural product biosynthesis},
  Journaltitle = {ACS chemical biology},
  DATE         = {2013},
  VOLUME       = {8},
  pages        = {473-487},
  url          = {http://pubs.acs.org/doi/pdfplus/10.1021/cb3005325},
  urldate      = {2013-10-16}
}

@ARTICLE{常森2013--,
  author       = {常森},
  title        = {《五行》学说与《荀子》},
  Journaltitle = {北京大学学报(哲学社会科学版)},
  DATE         = {2013},
  VOLUME       = {50},
  number       = {1},
  pages        = {75},
}


@article{kereanrefc,
  DATE = {2007},
  volume={48},
  number={7},
  PAGES = {11-12},
  journaltitle={ 圖書館文化},
  TITLE = {도서관 정보정책위원회 설립식 및 도서관 정보정책기획단신성},
}
%%도서관 정보정책위원회 설립식 및 도서관 정보정책기획단신성.  圖書館文化,2007 ,48(7): 11-12.

@ARTICLE{图书馆信息政策委员会2007--,
  title        = {图书馆信息政策委员会成立仪式与图书馆信息政策规划团},
  Journaltitle = {图书馆文化},
  DATE         = {2007},
  VOLUME       = {48},
  number       = {7},
  pages        = {11-12},
}
%%
%%図書館用語辞典編集委員会．最新図書館用語大辞典[M］.東京：柏書房株式会社，2004:154.
%%

@article{russianrefc,
 author={Кочекоs, А Я},
  TITLE = {Молибден-медно-эолотопорфиооое месторождение Рябиноосе}, 
  DATE = {1993},
  number={7},
  PAGES = {50-58},
  journaltitle={ Отечестsенная гелогия}
}
%%Кочекоs А Я. Молибден-медно-эолотопорфиооое месторождение Рябиноосе[J/ОL]. ,1993(7):50-58

@ARTICLE{熊平2005--,
  author       = {熊平 and 吴颉},
  title        = {从交易费用的角度谈如何构建药品流通的良性机制},
  Journaltitle = {中国物价},
  DATE         = {2005},
  number       = {8},
  pages        = {42-45},
}

@ARTICLE{xiong2005--,
  author       = {Xiong, Ping and Wu, Xie},
  title        = {Discussion on how to construct benign medicine circulantion mechanism fromtranaction cosperspective},
  Journaltitle = {China price},
  DATE         = {2005},
  number       = {8},
  pages        = {42-45},
}

@ARTICLE{上海市食品药品监督管理局课题组2008--,
  author       = {上海市食品药品监督管理局课题组},
  title        = {互联网药品经营现状和监管机制的研究},
  Journaltitle = {上海食品药品监管情报研究},
  DATE         = {2008},
  number       = {1},
  pages        = {8-11},
}

@ARTICLE{Rgsfda2008--,
  author       = {{Research Group of Shanghai Food and Drug Administration}},
  title        = {A study on online pharmaceutical operating situation and supervision mechanism},
  Journaltitle = {Shanghai food and drug information research},
  DATE         = {2008},
  number       = {1},
  pages        = {8-11},
}


@ARTICLE{关立哲2014--,
  author       = {关立哲 and 韩纪富 and 张晨延},
  title        = {科技期刊编辑审读中要注重比较思维的科学运用},
  Journaltitle = {编辑学报},
  DATE         = {2014},
  VOLUME       = {26},
  number       = {2},
  pages        = {144-146}
}

@ARTICLE{TENOPIR1987--,
  author       = {TENOPIR, C.},
  title        = {Online databases, quality control},
  Journaltitle = {Library journal},
  DATE         = {1987},
  VOLUME       = {113},
  number       = {2},
  pages        = {124-125}
}

@ARTICLE{egdatevolnumpagea--,
  title        = {article of journal},
  DATE         = {2001},
  VOLUME       = {1},
  number       = {1},
  pages        = {5-6}
}

@ARTICLE{egdatevolnumpageb--,
  title        = {article of journal},
  DATE         = {2014},
  VOLUME       = {510},
  pages        = {356-363}
}

@ARTICLE{egdatevolnumpagec--,
  title        = {article of journal},
  DATE         = {2010},
  number       = {6},
  pages        = {23}
}

@ARTICLE{egdatevolnumpaged--,
  title        = {article of journal},
  DATE         = {2012},
  VOLUME       = {22},
  number       = {增刊2},
  pages        = {81-86}
}

@ARTICLE{egdatevolnumpagee--,
  title        = {article of journal},
  DATE         = {2001},
  number       = {9/10},
  pages        = {36-39}
}

@ARTICLE{egdatevolnumpagef--,
  title        = {article of journal},
  year         = {2011, 33(2):20-25;2011, 33(3):26-30},
}

@Article{杨宗英1996-24-29,
  author  = {杨宗英},
  title   = {电子图书馆的现实模型},
  journal = {中国图书馆学报},
  year    = {1996},
  number  = {2},
  pages   = {24--29},
}


@Article{Dowler1995-5-26,
  author  = {Dowler, L},
  title   = {The research university’s dilemma: resource sharing and research in a transinstitutional environment},
  journal = {Journal of library administration},
  year    = {1995},
  volume  = {21},
  number  = {1/2},
  pages   = {5--26},
}

@Article{王临慧2010-147,
  author  = {王临慧 and others},
  title   = {天津方言的源流关系刍议},
  journal = {山西师范大学学报(社会科学版)},
  year    = {2010},
  volume  = {37},
  number  = {4},
  pages   = {147},
}



@Article{KENNEDY1975-311-386,
  Title                    = {Morphology and genesis of nodular chalks and hardgrounds in the Upper
 Cretacesous of southern England},
  Author                   = {W. J. KENNEDY and R. E. GARRISON},
  Date                     = {1975},
  Journaltitle             = {Sedimentology},
  Pages                    = {311-386},
  Volume                   = {22}
}

@Article{KENNEDY1975-339-360,
  Title                    = {Morphology and genesis of nodular phosphates in the cenomanian of South-east England},
  Author                   = {W. J. KENNEDY and R. E. GARRISON},
  Date                     = {1975},
  Journaltitle             = {Lethaia},
  Pages                    = {339-360},
  Volume                   = {8}
}


@Article{刘彻东1998-38-39,
  Title                    = {中国的青年刊物},
  Author                   = {刘彻东},
  Date                     = {1998},
  Journaltitle             = {中国出版},
  Number                   = {5},
  Pages                    = {38-39},
  Titleaddon               = {个性特色为本}
}


@Article{亚洲地质图编目组1978-194-208,
  Title                    = {亚洲地层与地质历史概述},
  Author                   = {亚洲地质图编目组},
  Date                     = {1978},
  Journaltitle             = {地质学报},
  Pages                    = {194-208},
  Volume                   = {3}
}

@Article{Sunstein1996-903-903,
  author  = {Sunstein, Cass R.},
  title   = {Social Norms and Social Roles},
  journal = {Columbia law review},
  year    = {1996},
  volume  = {96},
  pages   = {903},
  url     = {http://www.heinonline.org/HOL/Page?handle=hein.journals/clr96&id=913&collection=journals&index=journals/clr},
  urldate = {2012-01-26},
}


@Article{袁训来2012-3219-3219,
  author  = {袁训来 and 陈哲 and 肖书海 and others},
  title   = {蓝田生物群: 一个认识多细胞生物起源和早期演化的新窗口},
  journal = {科学通报},
  year    = {2012},
  volume  = {55},
  number  = {34},
  pages   = {3219},
}

@Article{李炳穆2008-6-12,
  author  = {李炳穆},
  title   = {韩国图书馆法},
  journal = {图书情报工作},
  year    = {2008},
  volume  = {52},
  number  = {6},
  pages   = {6--12},
  url     = {http://www.docin.com/p-400265742.html},
  urldate = {2013-10-25},
}

@Article{李幼平2010-225-228,
  author  = {李幼平 and 王莉},
  title   = {循证医学研究方法: 附视频},
  journal = {中华移植杂志(电子版)},
  year    = {2010},
  volume  = {4},
  number  = {3},
  pages   = {225--228},
  url     = {http://www.cqvip.com/Read/Read.aspx?id=36658332},
  urldate = {2014-06-09},
}

@Article{武丽丽2008-8-9,
  author  = {武丽丽 and 华一新 and 张亚军 and others},
  title   = {“北斗一号”监控管理网设计与实现},
  journal = {测绘科学},
  year    = {2008},
  volume  = {33},
  number  = {5},
  pages   = {8--9},
  doi     = {10.3771/j.issn.1009-2307.2008.05.002},
  url     = {http://vip.calis.edu.cn/CSTJ/Sear.dll?OPAC_CreateDetail},
  urldate = {2009-10-25},
}

@Article{Kanamori1998-2063-2063,
  author  = {Kanamori, H},
  title   = {Shaking without quaking},
  journal = {Science},
  year    = {1998},
  volume  = {279},
  number  = {5359},
  pages   = {2063},
}

@Article{Caplan1993-61-66,
  author  = {Caplan, P},
  title   = {Cataloging internet resources},
  journal = {The public access computer systems review},
  year    = {1993},
  volume  = {4},
  number  = {2},
  pages   = {61--66},
}

@Article{Frese2013-378-398,
  author  = {Frese, Karen S. and Katus, Hugo A. and Meder, Benjamin},
  title   = {Next-generation sequencing: from understanding biology to personalized medicine},
  journal = {Biology},
  year    = {2013},
  volume  = {2},
  number  = {1},
  pages   = {378--398},
  doi     = {10.3390/biology2010378},
  url     = {http://www.mdpi.com/2079-7737/2/1/378},
  urldate = {2013-03-19},
}

@Article{Myburg2014-356-362,
  author  = {Myburg, Alexander A. and Grattapaglia, Dario and Tuskan, Gerald A. and others},
  title   = {The genome of Eucalyptus grandis},
  journal = {Nature},
  year    = {2014},
  date    = {2014-06-19},
  volume  = {510},
  pages   = {356--362},
  doi     = {10.1038/nature13308},
  url     = {http://www.nature.com/nature/journal/v510/n7505/pdf/nature13308.pdf},
  urldate = {2014-06-25},
}


@Article{STIEG1981-549-560,
  Title                    = {The information needs of historians},
  Author                   = {M. F. STIEG},
  Date                     = {1981},
  Journaltitle             = {College and Research Libraries},
  Number                   = {6},
  Pages                    = {549-560},
  Volume                   = {42}
}



@Article{Milstein1982-436-446,
  Title                    = {The effect of multiple-tone interfering signals on a direct sequence spread spectrum communication system},
  Author                   = {Milstein, L. B. and Davidovici,S. and Schilling,D. L.},
  Journal                  = {IEEE Trans. Commun.},
  Number                   = {3},
  Pages                    = {436-446},
  Volume                   = {30},
  Year                     = {1982}
}

@Article{HEWITT1984-205-218,
  Title                    = {Technical services in 1983},
  Author                   = {J A HEWITT},
  Date                     = {1984},
  Journaltitle             = {Library Resource Services},
  Number                   = {3},
  Pages                    = {205-218},
  Volume                   = {28}
}

@Article{McEliece1984-44-53,
  Title                    = {Channels with block interference},
  Author                   = {McEliece, R. J. and Stark, W. E.},
  Journal                  = {IEEE Trans. Inf. Theory},
  Number                   = {1},
  Pages                    = {44-53},
  Volume                   = {30},
  Year                     = {1984}
}

@Article{陶仁骥1984-527-527,
  Title                    = {密码学与数学},
  Author                   = {陶仁骥},
  Date                     = {1984},
  Journaltitle             = {自然杂志},
  Number                   = {7},
  Pages                    = {527},
  Volume                   = {7}
}

@Article{DESMARAIS1992-605-609,
  Title                    = {Carbon isotope evidence for the stepwise oxidation of the Proterozoic environment},
  Author                   = {DES MARAIS, D J and H STRAUSS and R E SUMMONS and others},
  Date                     = {1992},
  Journaltitle             = {Nature},
  Pages                    = {605-609},
  Volume                   = {359}
}

@Article{Holtzman1992-243-247,
  Title                    = {On using perturbation analysis to do sensitivity analysis: derivatives versus differences},
  Author                   = {Holtzman, J. M.},
  Journal                  = {IEEE Trans. Autom. Control},
  Number                   = {2},
  Pages                    = {243-247},
  Volume                   = {37},
  Year                     = {1992}
}

@Article{CAPLAN1993-61-66a,
  Title                    = {Cataloging internet resources},
  Author                   = {P CAPLAN},
  Date                     = {1993},
  Journaltitle             = {The public Access Computer Systems Review},
  Number                   = {2},
  Pages                    = {61-66},
  Volume                   = {4}
}

@Article{Andersen1995-42-49,
  Title                    = {Propagation measurements and models for wireless communications channels},
  Author                   = {Andersen, J. B. and Rappaport, T. S. and Yoshida, S.},
  Journal                  = {IEEE Commun. Mag.},
  Number                   = {1},
  Pages                    = {42-49},
  Volume                   = {33},
  Year                     = {1995}
}



@Article{Andrisano1998-1383-1401,
  Title                    = {Millimeter waves for short-range multimedia communication systems},
  Author                   = {Andrisano, O. and Tralli, V. and Verdone, R.},
  Journal                  = {Proc. IEEE},
  Number                   = {7},
  Pages                    = {1383-1401},
  Volume                   = {86},
  Year                     = {1998}
}

@Article{Chiani1998-2998-3008,
  Title                    = {Error probability for block codes over channels with block interference},
  Author                   = {Chiani, M.},
  Journal                  = {IEEE Trans. Inf. Theory},
  Number                   = {7},
  Pages                    = {2998-3008},
  Volume                   = {44},
  Year                     = {1998}
}

@Article{CHRISTINE1998-331-332,
  Title                    = {Plant physiology:plant biology in the Genome Era},
  Author                   = {M CHRISTINE},
  Date                     = {1998},
  Journaltitle             = {Science},
  Pages                    = {331-332},
  Volume                   = {281},
  Url                      = {http://www.sciencemag.org/cgi/collection/anatmorp},
  Urldate                  = {1998-09-23}
}

@Article{KANAMORI1998-2063-2064,
  Title                    = {Shaking without quaking},
  Author                   = {H KANAMORI},
  Date                     = {1998},
  Journaltitle             = {Science},
  Number                   = {5359},
  Pages                    = {2063-2064},
  Volume                   = {279}
}



@Article{鲁明羽1998-290-295,
  Title                    = {关于数据库系统数据词典的重要作用},
  Author                   = {鲁明羽 and 李纲民},
  Journal                  = {烟台大学学报自然科学与工程版},
  Number                   = {4},
  Pages                    = {290-295},
  Volume                   = {11},
  Year                     = {1998}
}

@Article{高光明1998-60-65,
  Title                    = {信号情报接收机的发展现状及趋势},
  Author                   = {高光明},
  Journal                  = {电讯技术},
  Number                   = {2},
  Pages                    = {60-65},
  Volume                   = {38},
  Month                    = {4},
  Year                     = {1998}
}

@Article{Dardari1999-1709-1721,
  Title                    = {High-speed indoor wireless communications at 60 GHz with coded OFDM},
  Author                   = {Dardari, D. and Tralli,V.},
  Journal                  = {IEEE Trans. Commun.},
  Number                   = {11},
  Pages                    = {1709-1721},
  Volume                   = {47},
  Year                     = {1999}
}

@Article{江向东1999-4-4,
  Title                    = {互联网环境下的信息处理与图书管理系统解决方案},
  Author                   = {江向东},
  Date                     = {1999},
  Journaltitle             = {情报学报},
  Number                   = {2},
  Pages                    = {4},
  Volume                   = {18},
  Url                      = {http://www.chinainfo.gov.cn/periodical/qbxb/qbxb99/qbxb990203},
  Urldate                  = {2000-01-18}
}

@Article{李晓东1999-101-106,
  Title                    = {气候学研究的若干理论问题},
  Author                   = {李晓东 and 张庆红 and 叶瑾琳},
  Date                     = {1999},
  Journaltitle             = {北京大学学报},
  Number                   = {1},
  Pages                    = {101-106},
  Volume                   = {35},
  Journaltitleaddon        = {自然科学版}
}

@Article{梁振兴1999-24-32,
  Title                    = {美军一体化{C\textsuperscript{4}ISR}系统的发展研究},
  Author                   = {梁振兴},
  Journal                  = {电子展望与决策},
  Pages                    = {24-32},
  Year                     = {1999}
}

@Article{刘武1999-2481-2488,
  Title                    = {元谋人牙齿测量数据的统计分析及其在分类研究上的意义},
  Author                   = {刘武 and 郑良 and 姜础},
  Date                     = {1999},
  Journaltitle             = {科学通报},
  Number                   = {23},
  Pages                    = {2481-2488},
  Volume                   = {44}
}

@Article{莫少强1999-1-6,
  Title                    = {数字式中文全球文献格式的设计与研究},
  Author                   = {莫少强},
  Date                     = {1999},
  Journaltitle             = {情报学报},
  Number                   = {4},
  Pages                    = {1-6},
  Volume                   = {18},
  Url                      = {http://periodical.wanfangdata.com.cn/periodical/qbxb/qbxb99/qbxb9904/990407.htm},
  Urldate                  = {2001-07-08}
}

@Article{杨友烈1999-60-65,
  Title                    = {DII COE的基本概念和技术特征},
  Author                   = {杨友烈},
  Journal                  = {军事通信技术},
  Pages                    = {60-65},
  Volume                   = {72},
  Month                    = {12},
  Year                     = {1999}
}

@Article{李炳穆2000-5-8,
  Title                    = {理想的图书管理员和信息专家的素养与形象},
  Author                   = {李炳穆},
  Date                     = {2000},
  Journaltitle             = {图书情报工作},
  Number                   = {2},
  Pages                    = {5-8}
}

@Article{傅刚2000--,
  Title                    = {大风沙过后的思考},
  Author                   = {傅刚 and 赵承 and 李佳路},
  Date                     = {2000-04-12},
  Journaltitle             = {北京青年报},
  Note                     = {news},
  Url                      = {http://www.bjyouth.com.cn/Bqb/20000412/GB/4216%5ED0412B1401.htm},
  Urldate                  = {2005-09-28}
}
@Article{丁文祥2000--,
  Title                    = {数字革命与竞争国际化},
  Author                   = {丁文祥},
  Date                     = {2000-11-20},
  Journaltitle             = {中国青年报},
  Number                   = {15},
  Note                     = {news}
}

@Article{Moeneclaey2001-497-505,
  Title                    = {Sensitivity of multiple-access techniques to narrowband interference},
  Author                   = {Moeneclaey, M. and Bladel,M. V. and Sari,H.},
  Journal                  = {IEEE Trans. Commun.},
  Number                   = {3},
  Pages                    = {497-505},
  Volume                   = {49},
  Year                     = {2001}
}

@Article{郜宪林2001-114-116,
  Title                    = {DII COE研究与分析},
  Author                   = {郜宪林},
  Journal                  = {计算机工程与应用},
  Number                   = {19},
  Pages                    = {114-116},
  Year                     = {2001}
}

@Article{陈金成2001-1861-1864,
  Title                    = {一种开放式体系结构经济型数控装置的研制},
  Author                   = {陈金成 and 杨海威 and 钟廷修},
  Journal                  = {上海交通大学学报},
  Number                   = {12},
  Pages                    = {1861-1864},
  Volume                   = {35},
  Month                    = {12},
  Year                     = {2001}
}

@Article{Haemaelaeinen2002-1712-1721,
  Title                    = {On the UWB system coexistence with GSM900, UMTS/WCDMA, and GPS},
  Author                   = {Hamalainen, M. M. and Hovinen,V. and Tesi,R. and Iinatti,J. H. J. and Latvaaho, M.},
  Journal                  = {IEEE J. Sel. Areas Commun.},
  Number                   = {9},
  Pages                    = {1712-1721},
  Volume                   = {20},
  Year                     = {2002}
}

@Article{Zhao2002-1684-1691,
  Title                    = {Performance of ultra-wideband communications in the presence of interference},
  Author                   = {Zhao, L. and Haimovich,A. M.},
  Journal                  = {IEEEJ. Sel. Areas Commun.},
  Number                   = {9},
  Pages                    = {1684-1691},
  Volume                   = {20},
  Year                     = {2002}
}

@Article{Chiani2003-840-845,
  Title                    = {New exponential bounds and approximations for the computation of error probability in fading channels},
  Author                   = {Chiani, M. and Dardari, D. and Simon, M. K.},
  Journal                  = {IEEE Trans. Wireless Commun.},
  Number                   = {4},
  Pages                    = {840-845},
  Volume                   = {2},
  Year                     = {2003}
}

@Article{Chiani2004-1312-1318,
  Title                    = {Further results on convolutional code search for blockfading channels},
  Author                   = {M. Chiani and A. Conti and V. Tralli},
  Journal                  = {IEEE Trans. Inf. Theory},
  Number                   = {6},
  Pages                    = {1312-1318},
  Volume                   = {50},
  Year                     = {2004}
}

@Article{Chiani2004-1312-1318a,
  Title                    = {Further results on convolutional code search for blockfading channels-a},
  Author                   = {M. Chiani and A. Conti and V. Tralli},
  Pages                    = {1312-1318},
  Year                     = {2004}
}

@Article{Chiani2004-1312-1318b,
  Title                    = {Further results on convolutional code search for blockfading channels-b},
  Author                   = {M. Chiani and A. Conti and V. Tralli},
  Pages                    = {1312-1318},
  Year                     = {2004}
}

@Article{Coulson2004-2277-2287,
  Title                    = {Narrowband interference in pilot symbol assisted OFDM systems},
  Author                   = {Coulson, A. J.},
  Journal                  = {IEEE Trans. Wireless Commun.},
  Number                   = {6},
  Pages                    = {2277-2287},
  Volume                   = {3},
  Year                     = {2004}
}

@Article{Dardari2004-1557-1567,
  Title                    = {Layered video transmission on adaptive OFDM wireless systems},
  Author                   = {Dardari, D. and Martini,M. G. and Mazzotti, M. and Chiani,M.},
  Journal                  = {EURASIP Journal on Wireless Communications and Networking},
  Number                   = {10},
  Pages                    = {1557-1567},
  Year                     = {2004}
}

@Article{Giorgetti2005-1037-1042,
  Title                    = {The impact of OFDM interference on TH-PPM/BPAM transmission systems},
  Author                   = {Giorgetti, A. and Dardari,D.},
  Journal                  = {Proc. IEEE Veh. Technol. Conf.},
  Pages                    = {1037-1042},
  Volume                   = {2},
  Year                     = {2005}
}

@Article{Giorgetti2005-2139-2149,
  Title                    = {The effect of narrowband interference on wideband wireless communication systems},
  Author                   = {Giorgetti, A. and Chiani, M. and Win, M. Z.},
  Journal                  = {IEEE Trans. Commun.},
  Number                   = {12},
  Pages                    = {2139-2149},
  Volume                   = {53},
  Year                     = {2005}
}

@Article{Giorgetti2005-384-389,
  Title                    = {Influence of fading on the Gaussian approximation for BPSK and QPSK with asynchronous cochannel interference},
  Author                   = {Giorgetti, A. and Chiani,M.},
  Journal                  = {IEEE Trans. Wireless Commun.},
  Number                   = {2},
  Pages                    = {384-389},
  Volume                   = {4},
  Year                     = {2005}
}

@Article{Coulson2006-2484-2492,
  Title                    = {Bit error rate performance of OFDM in narrowband interference with excision filtering},
  Author                   = {Coulson, A. J.},
  Journal                  = {IEEE Trans. Wireless Commun.},
  Number                   = {9},
  Pages                    = {2484-2492},
  Volume                   = {5},
  Year                     = {2006}
}

@Article{Hu2006-1720-1724,
  Title                    = {Performance of an ultra-wideband communication system in the presence of narrowband BPSK-and QPSK-modulated OFDM interference},
  Author                   = {Hu, B. and Beaulieu,N. C.},
  Journal                  = {IEEE Trans. Commun.},
  Number                   = {10},
  Pages                    = {1720-1724},
  Volume                   = {54},
  Year                     = {2006}
}

@Article{Molisch2006-3151-3166,
  Title                    = {A comprehensive standardized model for ultrawideband propagation channels},
  Author                   = {Molisch, A. F. and Cassioli, D. and Chong, C. C. and Emami, S. and Fort, A.},
  Journal                  = {IEEE Trans. Antennas Propag.},
  Number                   = {11},
  Pages                    = {3151-3166},
  Volume                   = {54},
  Year                     = {2006}
}

@Article{Saito2006-169-176,
  Title                    = {jadeite-bearing metagabbro in serpentinite m\'elange of the ``kurosegawa belt" in Izumi Town,Yatsushiro city, kumamoto prefecture, central kyushu},
  Author                   = {Saito, M. and Miyazaki, k.},
  Journal                  = {bulletin of geological survey of japan},
  Number                   = {5/6},
  Pages                    = {169-176},
  Volume                   = {57},
  Year                     = {2006}
}

@Article{Nasri2007-4090-4100,
  Title                    = {Analysis of narrowband communication systems impaired by MB-OFDM UWB interference},
  Author                   = {Nasri, A. and Schober, R. and Lampe, L.},
  Journal                  = {IEEE Trans. Wireless Commun.},
  Number                   = {11},
  Pages                    = {4090-4100},
  Volume                   = {6},
  Year                     = {2007}
}

@Article{Quek2007-2126-2139,
  Title                    = {Unified analysis of UWB transmitted-reference schemes in the presence of narrowband interference},
  Author                   = {Quek, T. Q. S. and Win,M. Z. and Dardari,D.},
  Journal                  = {IEEE Trans. Wireless Commun.},
  Number                   = {6},
  Pages                    = {2126-2139},
  Volume                   = {6},
  Year                     = {2007}
}

@Article{Shi2007-1118-1128,
  Title                    = {Impact of narrowband interference on OFDM-UWB receivers: Analysis and mitigation},
  Author                   = {Shi, K. and Zhou,Y. and Kelleci,B. and Fischer, T. W. and Serpedin, E.E. and Ilker Karsilayan, A.},
  Journal                  = {IEEE Trans.Signal Process.},
  Number                   = {3},
  Pages                    = {1118-1128},
  Volume                   = {55},
  Year                     = {2007}
}

@Article{Snow2007-1736-1746,
  Title                    = {Error rate analysis for coded multicarrier systems over quasistatic fading channels},
  Author                   = {Snow, C. and Lampe, L. and Schober,R.},
  Journal                  = {IEEE Trans. Commun.},
  Number                   = {9},
  Pages                    = {1736-1746},
  Volume                   = {55},
  Year                     = {2007}
}

@Article{张敏莉2007-500-503,
  Title                    = {超声速短化喷管的设计和试验研究},
  Author                   = {张敏莉 and 易仕和 and 赵玉新},
  Journal                  = {空气动力学报},
  Number                   = {4},
  Pages                    = {500-503},
  Volume                   = {25},
  Year                     = {2007}
}

@Article{刘晨2007-400-404,
  Title                    = {体系对抗仿真模型形式规范研究},
  Author                   = {刘晨 and 王维平 and 朱一凡},
  Journal                  = {系统仿真学报},
  Number                   = {2},
  Pages                    = {400-404},
  Volume                   = {19},
  Month                    = {1},
  Year                     = {2007}
}

@Article{articlemorenames,
  Title                    = {Cooperation enforcement and learning for optimizing packet forwarding in autonomous wireless networks},
  Author                   = {Pandana, C. and Han, Z. and Liu, K.J.R. and others},
  Journal                  = {Wireless Communications, IEEE Transactions on},
  Number                   = {8},
  Pages                    = {3150--3163},
  Volume                   = {7},
  Publisher                = {IEEE},
  Year                     = {2008}
}

@Article{Chiani2009-231-254,
  Title                    = {Coexistence between UWB and narrow-band wireless communication systems},
  Author                   = {Chiani, M. and Giorgetti, A.},
  Journal                  = {Proc. IEEE, Special Issue on UWB Technology and Emerging Applications},
  Number                   = {2},
  Pages                    = {231-254},
  Volume                   = {97},
  Year                     = {2009}
}

@Article{Pinto2009-1268-1282,
  Title                    = {A stochastic geometry approach to coexistence in heterogeneous wireless networks},
  Author                   = {Pinto, P. and Giorgetti,A. and Win,M. Z. and Chiani,M.},
  Journal                  = {IEEE J. Sel. Areas Commun., Special Issue on Stochastic Geometry and Random Graphs for Wireless Networks},
  Number                   = {7},
  Pages                    = {1268-1282},
  Volume                   = {27},
  Year                     = {2009}
}

@Article{卢秋红2009-247-251,
  Title                    = {基于开放式架构的反恐排爆机器人关键技术分析},
  Author                   = {卢秋红 and 蒋金鹏 and 付西光},
  Journal                  = {上海电机学院学报},
  Number                   = {3},
  Pages                    = {247-251},
  Volume                   = {12},
  Month                    = {9},
  Year                     = {2009}
}

@Article{张庆杰2009-30-33,
  Title                    = {支持无人机互操作的多数据链互连网关设计},
  Author                   = {张庆杰 and 王林 and 朱华勇 and 沈林成},
  Journal                  = {计算机工程},
  Number                   = {20},
  Pages                    = {30-33},
  Volume                   = {35},
  Month                    = {10},
  Year                     = {2009}
}

@Article{Park2010-696-715,
  Title                    = {metadata quality Control in Digital repositories and collections: criteria, semantics, and mechanisms},
  Author                   = {Park, J R and tosaka, Y.},
  Journal                  = {Cataloging \& classification quarterly},
  Number                   = {8},
  Pages                    = {696-715},
  Volume                   = {48},
  Url                      = {http://www.tandfonline.com},
  Urldate                  = {2013-09-05},
  Year                     = {2010}
}

@Article{陈建军2010-93-93,
  Title                    = {从数字地球到智慧地球},
  Author                   = {陈建军},
  Journal                  = {国图资源导刊},
  Number                   = {10},
  Pages                    = {93},
  Volume                   = {7},
  Doi                      = {10.3969/j.issn.1672-5603.2010.10.038},
  Url                      = {http://d.g.wanfangdata.com.cn},
  Urldate                  = {2013-03-20},
  Year                     = {2010}
}

@Article{储大同2010-721-724,
  Title                    = {恶性肿瘤个体化治疗靶向药物的临床表现},
  Author                   = {储大同},
  Journal                  = {中华肿瘤杂志},
  Number                   = {10},
  Pages                    = {721-724},
  Volume                   = {32},
  Url                      = {http://www.sohu.com},
  Urldate                  = {2014-06-25},
  Year                     = {2010}
}

@Article{储大同2010-721-724m,
  Title                    = {恶性肿瘤个体化治疗靶向药物的临床表现},
  Author                   = {储大同},
  Journal                  = {中华肿瘤杂志},
  Number                   = {9/10},
  Pages                    = {721-724},
  Volume                   = {32},
  Doi                      = {10.7666/d.y351065},
  Url                      = {http://www.sohu.com},
  Urldate                  = {2014-06-25},
  Year                     = {2010}
}

@Article{伍江华2010-70-74,
  Title                    = {C4ISR互操作框架及信息关系模型研究},
  Author                   = {伍江华 and 潘小群},
  Journal                  = {舰船电子工程},
  Number                   = {1},
  Pages                    = {70-74},
  Volume                   = {30},
  Year                     = {2010}
}

@Article{陈高峰2011-230-232,
  Title                    = {基于开放式框架的交叉开发环境设计与实现},
  Author                   = {陈高峰},
  Journal                  = {煤炭技术},
  Number                   = {6},
  Pages                    = {230-232},
  Volume                   = {30},
  Month                    = {6},
  Year                     = {2011}
}

@Article{谭跃进2011-441-445,
  Title                    = {体系工程的研究与发展},
  Author                   = {谭跃进 and 赵青松},
  Journal                  = {中国电子科学研究院学报},
  Number                   = {5},
  Pages                    = {441-445},
  Volume                   = {6},
  Month                    = {10},
  Year                     = {2011}
}

@Article{张晓琴2011--,
  Title                    = {有重复组合公式的几种证明方法},
  Author                   = {张晓琴 and 王顺勇},
  Journal                  = {大学数学},
  Number                   = {6},
  Volume                   = {27},
  Month                    = {12},
  Year                     = {2011}
}

@Article{于潇2012-1518-1523,
  Title                    = {互联网药品可信交易环境中主体资质审核备案模式},
  Author                   = {于潇 and 刘义 and 柴跃廷 and others},
  Journal                  = {清华大学学报(自然科学版)},
  Number                   = {11},
  Pages                    = {1518-1523},
  Volume                   = {52},
  Year                     = {2012}
}

@Article{于潇2011-15-23,
  Title                    = {互联网药品可信交易环境中主体资质审核备案模式},
  Author                   = {于, 潇 and 刘, 义 and 柴, 跃廷 and others},
  Journal                  = {清华大学学报},
  Number                   = {11},
  Pages                    = {15-23},
  Volume                   = {52},
  Year                     = {2011}
}

@Article{Franz2013-1053-1062,
  Title                    = {Phenotypic screening with oleaginous microalgae reveals modulators of lipid productivity},
  Author                   = {Franz,A.K. AND DANIELEWICZ, M. A. AND WONG, D. M. AND OTHERS},
  Journal                  = {ACS chemical biology},
  Pages                    = {1053-1062},
  Volume                   = {8},
  Url                      = {http://pubs.acs.org},
  Urldate                  = {2014-06-26},
  Year                     = {2013}
}

@Article{Walls2013-399-418,
  Title                    = {drought, deluge and declines: the impact of precipition extremes on amphibians in a changing climate},
  Author                   = {Walls, S C and barichivich, W. J. and BROWN, m. e.},
  Journal                  = {Biology},
  Number                   = {1},
  Pages                    = {399-418},
  Volume                   = {2},
  Url                      = {http://www.mdpi.com},
  Urldate                  = {2013-11-04},
  Year                     = {2013},
  doi                      = {10.3390/biology2010399}
}

@Article{Zhang2007-500-503,
  Title                    = {The design and experimental investigations of supersonic length shorted nozzle},
  Author                   = {Zhang, Min-li and Yi, Shi-he and Zhao, Yu-xin},
  Journal                  = {ACTA AERODYNAMICA SINICA},
  Number                   = {4},
  Pages                    = {500-503},
  Volume                   = {25},
  Year                     = {2007}
}

@Article{杨洪升2013-56-75,
  Title                    = {四库馆私家抄校书考略},
  Author                   = {杨洪升},
  Journal                  = {文献},
  Number                   = {1},
  Pages                    = {56-75},
  Year                     = {2013}
}

@Article{詹广平2013-8-10,
  Title                    = {美海军宙斯盾系统开放式体系结构研究},
  Author                   = {詹广平},
  Journal                  = {舰船电子工程},
  Number                   = {11},
  Pages                    = {8-10},
  Volume                   = {33},
  Year                     = {2013}
}

@Article{周学武2013-49-52,
  Title                    = {数据链技术的发展及其在空面导弹中的应用},
  Author                   = {周学武 and 邹敏怀 and 张邦楚 and 黄剑斌 and 刘涛},
  Journal                  = {教练机},
  Number                   = {2},
  Pages                    = {49-52},
  Year                     = {2013}
}

@Article{王雪峥2013-249-254,
  Title                    = {基于DoDAF的靶场体系结构设计},
  Author                   = {王雪峥 and 许雪梅},
  Journal                  = {系统工程理论与实践},
  Number                   = {1},
  Pages                    = {249-254},
  Volume                   = {33},
  Month                    = {1},
  Year                     = {2013}
}

@Article{刘裕国2013-01-12--,
  Title                    = {雾霾来袭，如何突围},
  Author                   = {刘裕国 and 杨柳 and 张洋 and OTHERS},
  Journal                  = {人民日报},
  Note                     = {news},
  Url                      = {http://paper.people.com.cn},
  Urldate                  = {2013-11-06},
  Year                     = {2013-01-12}
}

@Article{高翔2015-26-31,
  Title                    = {复杂航电架构的开放式系统标准研究},
  Author                   = {高翔 and 李辰},
  Journal                  = {航空电子技术},
  Number                   = {2},
  Pages                    = {26-31},
  Volume                   = {46},
  Month                    = {6},
  Year                     = {2015}
}
