
@inbook{李约瑟1991--,
  author     = {李约瑟},
  title      = {题词},
  bookauthor = {苏克福 and 管成学 and 邓明鲁},
  booktitle  = {苏颂与《本草图经》研究},
  year       = {1991},
  publisher  = {长春出版社},
  address    = {长春},
  pages      = {扉页}
}

@inbook{姚中秋2009--,
  author     = {姚中秋},
  title      = {作为一种制度变迁模式的“转型”},
  bookauthor = {罗卫东 and 姚中秋},
  booktitle =  {中国转型的理论分析:奥地利学派的视角},
  year       = {2009},
  publisher  = {浙江大学出版社},
  address    = {杭州},
  pages      = {44}
}

@inbook{姚中秋2008--,
  author     = {姚中秋},
  title      = {一种制度变迁模式},
  bookauthor = {罗, 卫东 and 姚, 中秋},
  booktitle =  {中国转型的理论分析},
  year       = {2008},
  publisher  = {浙江大学出版社},
  address    = {杭州},
  pages      = {44}
}

@Inbook{1977-49-49,
  Title                    = {宋史卷三:本纪第三},
  Address                  = {北京},
  Booktitle                = {宋史:第1册},
  Pages                    = {49},
  Publisher                = {中华书局},
  Year                     = {1977}
}

@Inbook{BUSECK1980-117-211,
  Title                    = {Subsolidus phenomena in pyroxenes},
  Author                   = {P R BUSECK and NORD, Jr., G L and D R VEBLEN},
  Bookauthor               = {CT PREWITT},
  Booktitle                = {Pyroxense},
  year                     = {c1980},
  Pages                    = {117-211},
  Publisher                = {Mineralogical Society of America},
  Location                 = {Washington, D.C.}
}

@Inbook{陈晋镳1980-56-114,
  Title                    = {蓟县震旦亚界研究},
  Author                   = {陈晋镳 and 张惠民 and 朱士兴 and others},
  Bookauthor               = {中国地质科学院天津地质矿产研究所},
  Booktitle                = {中国震旦亚界},
  Pages                    = {56-114},
  Publisher                = {天津科学出版社},
  Location                 = {天津},
  Year                     = {1980}
}


@Inbook{王夫之2011-1109-1109,
  title     = {周易外传：卷 5},
  booktitle = {船山全书},
  year      = {2011},
  editor    = {王夫之},
  number    = {6},
  publisher = {岳麓书社},
  pages     = {1109},
  address   = {长沙},
}

@Inbook{程根伟1999-32-36,
  author    = {程根伟},
  title     = {1998 年长江洪水的成因与减灾对策},
  booktitle = {长江流域洪涝灾害与科技对策},
  year      = {1999},
  editor    = {许厚泽 and 赵其国},
  publisher = {科学出版社},
  pages     = {32--36},
  address   = {北京},
}

@Inbook{陈晋镳1980-56-114a,
  author    = {陈晋镳 and 张惠民 and 朱士兴 and 赵震 and 王振刚},
  title     = {蓟县震旦亚界研究},
  booktitle = {中国震旦亚界},
  year      = {1980},
  editor    = {中国地质科学院天津地质矿产研究所},
  publisher = {天津科学技术出版社},
  pages     = {56--114},
  address   = {天津},
}

@Inbook{马克思2013-302-302,
  author    = {马克思},
  title     = {政治经济学批判},
  booktitle = {马克思恩格斯全集},
  year      = {2013},
  editor    = {马克思 and 恩格斯},
  volume    = {35},
  publisher = {人民出版社},
  pages     = {302},
  address   = {北京},
}

@Inbook{Weinstein1974-745-772,
  author    = {Weinstein, L and Swertz, M N},
  title     = {Pathogenic properties of invading microorganism},
  booktitle = {Pathologic physiology: mechanisms of disease},
  year      = {1974},
  editor    = {Sodeman, Jr., William A and Sodeman, William A},
  publisher = {Saunders},
  pages     = {745--772},
  address   = {Philadelphia},
}

@InBOOK{Roberson2011-1-36,
  author    = {Roberson, J. Alan and Burneson, Eric G.},
  title     = {Drinking water standards, regulations and goals},
  booktitle = {Water quality \& treatment: a handbook on drinking water},
  year      = {2011},
  editor    = {{American Water Works Association}},
  edition   = {6},
  publisher = {McGraw-Hill},
  pages     = {1.1--1.36},
  url       = {http://lib.myilibrary.com/Open.aspx?id=291430},
  urldate   = {2012-12-10},
  address   = {New York},
}

@Inbook{马克思1982-505-505,
  Title                    = {关于《工资、价格和利润》的报告札记},
  Author                   = {马克思},
  Bookauthor               = {马克思 and 恩格斯},
  Booktitle                = {马克思恩格斯全集},
  Pages                    = {505},
  Publisher                = {人民出版社},
  Booktitleaddon           = {第44卷},
  Location                 = {北京},
  Year                     = {1982}
}

@Inbook{1988-590-590,
  Title                    = {卷39 乞致任第一},
  Address                  = {北京},
  Booktitle                = {苏魏公文集:下册},
  Pages                    = {590},
  Publisher                = {中华书局},
  Year                     = {1988}
}

@Inbook{MARTIN1996-85-96,
  Title                    = {Control of electronic resources in Australia},
  Author                   = {G MARTIN},
  Bookauthor               = {L W PATTLE and B J COX},
  Booktitle                = {Electronic resources},
  Date                     = {1996},
  Pages                    = {85-96},
  Publisher                = {The Haworth Press},
  Booktitleaddon           = {selection and bibliographic control},
  Location                 = {New York}
}



@Inbook{钟文发1996-468-471,
  Title                    = {非线性规划在可燃毒物配置中的应用},
  Author                   = {钟文发},
  Bookauthor               = {赵玮},
  Booktitle                = {运筹学的理论和应用},
  Pages                    = {468-471},
  Publisher                = {西安电子科技大学出版社},
  Booktitleon              = {中国运筹学会第五届大会讨论文集},
  Location                 = {西安},
  Year                     = {1996}
}

@Inbook{白书农1998-146-163,
  Title                    = {植物开花研究},
  Author                   = {白书农},
  Bookauthor               = {李承森},
  Booktitle                = {植物科学进展},
  Pages                    = {146-163},
  Publisher                = {高等教育出版社},
  Location                 = {北京},
  Year                     = {1998}
}

@InBook{程根伟1999-32-36a,
  author     = {程根伟},
  title      = {1998年长江洪水的成因与减灾对策},
  booktitle  = {长江流域洪涝灾害与科技对策},
  year       = {1999},
  bookauthor = {许厚泽 and 赵其国},
  publisher  = {科学出版社},
  location   = {北京},
  pages      = {32-36},
}

@Inbook{楼梦麟2011-11-12,
  Title                    = {汶川地震基岩地震动特征分析},
  Address                  = {上海},
  Author                   = {楼梦麟 and 杨燕},
  Bookauthor               = {同济大学土木工程防灾国家重点实验室},
  Booktitle                = {汶川地震震害研究},
  Pages                    = {{011-012}},
  Publisher                = {同济大学出版社},
  Url                      = {http://apabi.lib.pku.edu.cn},
  Urldate                  = {2013-05-09},
  Year                     = {2011}
}

@InBook{2011-1109-1109,
  title      = {周易外传:卷5},
  booktitle  = {船山全书:第6册},
  year       = {2011},
  bookauthor = {王夫之},
  publisher  = {岳麓书社},
  location   = {长沙},
  pages      = {1109},
}

@InBook{马克思2013-302-302a,
  author     = {马克思},
  title      = {政治经济学批判},
  booktitle  = {马克思恩格斯全集:第35卷},
  year       = {2013},
  bookauthor = {马克思 and 恩格斯},
  publisher  = {人民出版社},
  pages      = {302},
  address    = {北京},
}
