

@Inproceedings{ref-replace-char,
  Title                    = {Cognitive Radio and Cooperative Strategies for Power Saving in Multi-Standard Wireless Devices},
  Address                  = {Florence, Italy},
  Author                   = {Rodriguez, J. and P. Marques and A. Radwan and K. Moessner and R. Tafazolli and others},
  Booktitle                = {Future % Network \& Mobile # Summit 2010},
  Date                     = {June 2010}
}


@InProceedings{王临慧2010-138,
  author    = {王临慧},
  title     = {从几组声母的演变看天津方言形成的自然条件和历史条件},
  bookauthor= {曹志耘},
  booktitle = {汉语方言的地理语言学研究：首届中国地理语言学国际学术研讨会论文集},
  year      = {2010},
  publisher = {北京语言大学出版社},
  pages     = {138},
  address   = {北京},
}

@Inproceedings{FOURNEY1971-17-38,
  Title                    = {Advances in holographic photoelasticity},
  Author                   = {M E FOURNEY},
  Booktitle                = {Symposium on Applications of Holography in Mechanics, August 23-25, 1971, University of Southern California, Los Angeles, California},
  year                     = {c1971},
  Pages                    = {17-38},
  Publisher                = {ASME},
  Location                 = {New York}
}

@Inproceedings{FOURNEY1971-17-38a,
  Title                    = {Advances in holographic photoelasticity},
  Author                   = {M E FOURNEY},
  Bookauthor               = {{American Society of Mechanical Engineers.Applied Mechanics Division}},
  Booktitle                = {Symposium on Applications of Holography in Mechanics, August 23-25, 1971. University of Southern California, Los Angeles, California},
  Date                     = {1971},
  Pages                    = {17-38},
  Publisher                = {ASME},
  Location                 = {New York}
}


@InProceedings{张忠智1997-33-34,
  author    = {张忠智},
  title     = {科技书刊的总编(主编)的角色要求},
  booktitle = {中国科学技术期刊编辑学会建会十周年学术研讨会论文汇编},
  year      = {1997},
  editor    = {中国科学技术期刊编辑学会},
  publisher = {中国科学技术期刊编辑学会学术委员会},
  pages     = {33--34},
  address   = {北京},
}

@InProceedings{裴丽生1981-2-10,
  author    = {裴丽生},
  title     = {在中国科协学术期刊编辑工作经验交流会上的讲话},
  booktitle = {中国科协学术期刊编辑工作经验交流会资料选},
  year      = {1981},
  editor    = {中国科学技术协会},
  publisher = {中国科学技术协会学会工作部},
  pages     = {2--10},
  address   = {北京},
}


@InProceedings{贾东琴2011-45-52,
  author    = {贾东琴 and 柯平},
  title     = {面向数字素养的高校图书馆数字服务体系研究},
  booktitle = {中国图书馆学会年会论文集: 2011年卷},
  year      = {2011},
  editor    = {中国图书馆学会},
  publisher = {国家图书馆出版社},
  pages     = {45--52},
  address   = {北京},
}

@Inproceedings{Nemec1997-209-214,
  Title                    = {Force control of redundant robots},
  Author                   = {B Nemec},
  Booktitle                = {Processings of Symposium on Robot Control},
  Pages                    = {209-214},
  Country                  = {Nantes France},
  Year                     = {1997}
}

@Inproceedings{Piazzo2001--,
  Title                    = {UWB EM compatibility and coexistence issues},
  Address                  = {Rome, Italy},
  Author                   = {Piazzo, L.},
  Booktitle                = {Proc. 1st Int. Workshop on Networking with UWB},
  Year                     = {2001}
}

@Inproceedings{Choi2002-1075-1080,
  Title                    = {Performance analysis of ultra-wideband spread-spectrum communications in narrowband interference},
  Address                  = {Anaheim, CA},
  Author                   = {Choi, J. D. and Stark,W. E.},
  Booktitle                = {Proc. IEEE Military Commun. Conf. (MILCOM)},
  Pages                    = {1075-1080},
  Volume                   = {2},
  Year                     = {2002}
}

@Inproceedings{Dardari2002-201-206,
  Title                    = {Simple and accurate models for error probability evaluation of IEEE802.11 DS-SS physical interface in the presence of Bluetooth interference},
  Address                  = {Taipei},
  Author                   = {Dardari, D. and Pasolini,G.},
  Booktitle                = {Proc. IEEE Global Telecommun. Conf. (GLOBECOM)},
  Pages                    = {201-206},
  Volume                   = {1},
  Year                     = {2002}
}

@Inproceedings{Foerster2002-1931-1935,
  Title                    = {Interference modeling of pulse-based UWB waveforms on narrowband systems},
  Address                  = {Birmingham, AL},
  Author                   = {Foerster, J. R.},
  Booktitle                = {Proc. IEEE Veh. Technol. Conf.},
  Pages                    = {1931-1935},
  Volume                   = {4},
  Year                     = {2002}
}

@Inproceedings{Fontana2002-309-313,
  Title                    = {An insight into UWB interference from a shot noise perspective},
  Address                  = {Baltimore, MD},
  Author                   = {Fontana, R. J.},
  Booktitle                = {Proc. of IEEE Conference on Ultrawideband Systems and Technologies (UWBST)},
  Pages                    = {309-313},
  Year                     = {2002}
}

@Inproceedings{汪学军2002-22-25,
  Title                    = {中国农业转基因生物研发进展与安全管理},
  Address                  = {北京},
  Author                   = {汪学军},
  Bookauthor               = {国家环境保护总局生物安全管理办公室},
  Booktitle                = {中国国家生物安全框架实施国际合作项目研讨会论文集},
  Pages                    = {22-25},
  Publisher                = {中国环境科学出版社},
  Year                     = {2002}
}

@Inproceedings{Firoozbakhsh2003-473-477,
  Title                    = {Analysis of IEEE 802.11a interference on UWB systems},
  Address                  = {Oulu, Finland},
  Author                   = {Firoozbakhsh, B. and Pratt,T. G. and Jayant,N.},
  Booktitle                = {Proc. of IEEE Conference on Ultrawideband Systems and Technologies (UWBST)},
  Pages                    = {473-477},
  Year                     = {2003}
}

@Inproceedings{Giorgetti2005-794-798,
  Title                    = {Coexistence of UWB and narrowband systems in Nakagami/Rice channels},
  Address                  = {Aalborg, Denmark},
  Author                   = {Giorgetti, A.},
  Booktitle                = {Proc. Int. Symp. on Wireless Personal Multimedia Commun. (WPMC)},
  Pages                    = {794-798},
  Year                     = {2005}
}

@Inproceedings{Giorgetti2006--,
  Title                    = {Coexistence issues in cognitive radios based on ultra-wide bandwidth systems},
  Address                  = {Mykonos, Greece},
  Author                   = {Giorgetti, A. and Chiani, M. and Dardari,D.},
  Booktitle                = {Proc. IEEE Int. Conf. on Cognitive Radio Oriented Wireless Net. and Comm. (CROWNCOM)},
  Year                     = {2006}
}

@Inproceedings{Nasri2008-3616-3621,
  Title                    = {Performance Evaluation of BICM-OFDM Systems Impaired by UWB Interference},
  Address                  = {Beijing, China},
  Author                   = {Nasri, A. and Schober,R. and Lampe,L.},
  Booktitle                = {Proc. IEEE Int. Conf. on Commun.},
  Pages                    = {3616-3621},
  Year                     = {2008}
}

@InProceedings{贾东琴2011-45-52a,
  author     = {贾东琴 and 柯平},
  title      = {面向数字素养的高校图书馆数字服务体系研究},
  booktitle  = {中国图书馆学会年会论文集:2011年卷},
  year       = {2011},
  publisher  = {国家图书馆出版社},
  pages      = {45-52},
  address    = {北京},
  bookauthor = {中国图书馆学会},
}

@Inproceedings{r27-BenHadjAlaya-FekiA.2008-1-5,
  Title                    = {Interference cartography for hierarchical dynamic spectrum access},
  Address                  = {Chicago, IL},
  Author                   = {{Ben Hadj Alaya-Feki A.} and B. Sayrac and S. Ben Jemaa and E. Moulines},
  Booktitle                = {Proc. IEEE Symp. on New Frontiers in Dynamic Spectrum Access Networks (DySPAN)},
  Date                     = {2008-10},
  Pages                    = {1-5}
}
