
@Incollection{韩吉人1985-90-99,
  Title                    = {论职工教育的特点},
  Author                   = {韩吉人},
  Booktitle                = {职工教育研究论文集},
  Date                     = {1985},
  Publisher                = {人民教育出版社},
  Pages                    = {90-99},
  Bookauthor               = {中国职工教育研究会},
  Location                 = {北京}
}


@Proceedings{ROSENTHALL1963--,
  Title                    = {Proceedings of the Fifth Canadian Mathematical Congress, University of Montreal, 1961},
  Date                     = {1963},
  Publisher                = {University of Toronto Press},
  Editor                   = {E M ROSENTHALL},
  Location                 = {Toronto}
}

@Proceedings{牛志明2012--,
  title     = {综合湿地管理国际研讨会论文集},
  year      = {2012},
  editor    = {牛志明 and 斯温兰德 and 雷光春},
  publisher = {海洋出版社},
  address   = {北京},
}


@Proceedings{Yufin2000--,
  title     = {Geoecology and computers: proceedings of the {Third International Conference on Advances of Computer Methods in Geotechnical and Geoenvironmental Engineering, Moscow, Russia, February 1--4, 2000}},
  year      = {2000},
  editor    = {Yufin, Sergey A},
  publisher = {A. A. Balkema},
  address   = {Rotterdam},
}

@Proceedings{中国力学学会1999--,
  Title                    = {第3届全国实验流体力学学术会议论文集},
  Address                  = {天津},
  Year                     = {1999},
  Editor                   = {中国力学学会}
}

@Proceedings{GANZHA2000--,
  Title                    = {Computer algebra in scientific computing:CASC 2000:proceedings of the Third
Workshop on Computer Algebra in Scientific Computing, Samarkand, October 5-9, 2000},
  Date                     = {2000},
  Publisher                = {Springer},
  Editor                   = {V G GANZHA and E W MAYR and E V VOROZHTSOV},
  Location                 = {Berlin}
}


@Proceedings{陈志勇2011--,
  Title                    = {中国财税文化价值研究:“中国财税文化国际学术研讨会”论文集},
  Address                  = {北京},
  Author                   = {陈志勇},
  Publisher                = {经济科学出版社},
  Url                      = {http://apabi.lib.pku.edu.cn},
  Urldate                  = {2013-10-14},
  Year                     = {2011}
}

@Proceedings{雷光春2012--,
  Title                    = {综合湿地管理:综合湿地管理国际研讨会论文集},
  Address                  = {北京},
  Author                   = {雷光春},
  Publisher                = {海洋出版社},
  Year                     = {2012}
}

@Proceedings{中国社会科学院台湾史研究中心2012--,
  Title                    = {台湾光复六十五周年暨抗战史实学术研讨会论文集},
  Address                  = {北京},
  Publisher                = {九州出版社},
  Year                     = {2012},
  Editor                   = {中国社会科学院台湾史研究中心}
}

@Proceedings{Babu2014--,
  Title                    = {Proceedings of the second international conference on soft computing for problem solving, December 28-30, 2012},
  Address                  = {New Delhi},
  Publisher                = {Springer},
  Year                     = {2014},
  Editor                   = {Babu, B. V. and NAGAR, A. K. AND DEEP, K. and others}
}

