
@online{egbookpubaddressg--,
  date      = {2011},
  pages ={105},
  url={http://lib.myilibrary.com/Open.aspx?id=312377},
  urldate={2014-06-16},
  publisher = {Open University Press},
}


@online{egbookpubdateg--,
    title  = {english book},
  date = {2012-05-03},
  urldate={2013-11-12},
}

@Online{olnoauthorcn,
  Title                    = {如何在LaTeX写作中管理参考文献?},
  Date                     = {2016-08-12},
  Url                      = {http://www.latexstudio.net/archives/7131}
}

@Online{Allianceurlonly,
  Url                      = {www.wimedia.org}
}

@Online{olnoauthoren,
  Title                    = {Dublin Core metadata element set: version 1.1},
  Url                      = {http://dublincore.org},
  Urldate                  = {2014-06-11},
  Year                     = {2012-06-14}
}

@Online{Bawden2008--,
  author  = {Bawden, D},
  title   = {Origins and Concepts of Digital Literacy},
  date    = {2008-05-04},
  url     = {http://www.soi.city.ac.uk/~dbawden/digital%20literacy%20chapter.pdf},
  urldate = {2013-03-08},
  year    = {2008},
}

@Online{OCLC--,
  author  = {{Online Computer Library Center, Inc}},
  title   = {About {OCLC}: History of Cooperation},
  url     = {http://www.oclc.org/about/cooperation.en.html},
  urldate = {2012-03-27},
}

@Online{Hopkinson2009--,
  author  = {Hopkinson, A},
  title   = {{UNIMARC} and Metadata: Dublin Core},
  date    = {2009-04-22},
  url     = {http://archive.ifla.org/IV/ifla64/138-161e.htm},
  urldate = {2013-03-27},
  year    = {2009},
}

@Online{1989--,
  Title                    = {PACS-L:the public-access computer systems forum},
  Date                     = {1989},
  Publisher                = {Tex: University of Houston Libraries},
  Url                      = {http://info.lib.uh.edu/pacsl.html},
  Urldate                  = {1995-05-17},
  Location                 = {Houston}
}

@Online{李强2012-05-03--,
  Title                    = {化解医患矛盾需釜底抽薪},
  Author                   = {李强},
  Url                      = {http://wenku.baidu.com},
  Urldate                  = {2013-03-25},
  Year                     = {2012-05-03}
}

@Online{Dublin2012-06-14--,
  Title                    = {Dublin core metadata element set: version 1.1},
  Url                      = {http://dublincore.org},
  Urldate                  = {2014-06-11},
  Year                     = {2012-06-14}
}

@Online{Alliance--,
  Title                    = {WiMedia Alliance},
  Url                      = {www.wimedia.org}
}

@Online{Commonwealth--,
  Title                    = {Pennsylvania library laws},
  Author                   = {{Commonwealth libraries bureau of library development.Pennsylvania department of education office}},
  Url                      = {http://www.racc.edu},
  Urldate                  = {2013-03-24}
}

@Online{HOPKINSON--,
  Title                    = {UNIMARC and metadata: Dublin Core},
  Author                   = {A HOPKINSON},
  Url                      = {http://www.rfla.org/IV/rfla64/13801613.htm},
  Urldate                  = {1999-12-08}
}

@Online{JabRef中文手册--,
  Title                    = {JabRef中文手册},
  Url                      = {http://blog.csdn.net/zd0303/article/details/7676807}
}

@Online{JabRefManual--,
  Title                    = {JabRef Manual},
  Url                      = {http://blog.csdn.net/zd0303/article/details/7676807}
}

@Online{OCLC--a,
  author  = {{Online Computer Library Center, Inc.}},
  title   = {History of OCLC},
  url     = {http://www.oclc.org/about/history/default.htm},
  urldate = {2000-01-08},
}

@Online{olqa2016--,
  Title                    = {求助beamerposter制作海报时参考文献样式的问题},
  Date                     = {2016},
  Url                      = {http://bbs.ctex.org/forum.php?mod=viewthread&tid=153061&page=1&extra=#pid544787}
}

@Online{北京交通大学研究生公众号2016--,
  Title                    = {新学期定个小目标—学会在LaTeX中管理参考文献},
  Author                   = {北京交通大学研究生公众号},
  Date                     = {2016-09-17},
  Url                      = {http://www.latexstudio.net/archives/7488}
}

@Online{olref2016--,
  Title                    = {如何在LaTeX写作中管理参考文献?},
  Date                     = {2016-08-12},
  Url                      = {http://www.latexstudio.net/archives/7131}
}

@Online{文献助手2016--,
  Title                    = {参考文献格式搜索神器上线了},
  Author                   = {文献助手},
  Date                     = {2016-09-21},
  Url                      = {http://www.latexstudio.net/archives/7560}
}

@Online{Hansen2008--,
  Title                    = {The multibib Package},
  Author                   = {Thorsten Hansen},
  Date                     = {2008-12-10},
  Url                      = {https://www.ctan.org/pkg/multibib},
  Urldate                  = {2018-05-04},
  Version                  = {v1.4}
}

@Online{Seindal1994--,
  Title                    = {Inline bibliography style},
  Author                   = {René Seindal},
  Date                     = {1994-12-06},
  Url                      = {https://www.ctan.org/pkg/inlinebib},
  Urldate                  = {2018-05-04}
}


@Electronic{OMG2003--,
  Title                    = {Unified Modeling Language: Superstructure},
  Author                   = {{omg Inc.}},
  Url                      = {http://www.omg.org},
  Year                     = {2003}
}

@Www{萧钰2001--,
  Title                    = {出版业信息化迈入快车道},
  Author                   = {萧钰},
  Url                      = {http://www.creader.com/news/20011219/200112190019.html},
  Urldate                  = {2002-04-15},
  Date                     = {2001-12-19}
}

