
@Patent{邓一刚2006--,
  author = {邓一刚},
  title  = {全智能节电器},
  number = {200610171314.3},
  year   = {2006},
  date   = {2006-12-13},
}

@Patent{西安电子科技大学2002--,
  author  = {西安电子科技大学},
  title   = {光折变自适应光外差探测方法},
  number  = {01128777.2},
  year    = {2002},
  date    = {2002-03-06},
  url     = {http://211.152.9.47/sipoasp/zljs/hyjs-yx-new.asp?recid=01128777.2&leixin=0},
  urldate = {2002-05-28},
}

@Patent{Tachibana2005--,
  author  = {Tachibana, Ryuki and Shimizu, Shuhichi and Kobayshi, Seiji and Nakamura, Taiga},
  title   = {Electronic watermarking method and system},
  number  = {US6915001},
  year    = {2005},
  date    = {2005-07-05},
  url     = {http://www.google.co.in/patents/US6915001},
  urldate = {2013-11-11},
}

@Patent{姜锡洲1989--,
  Title                    = {一种温热外敷药制备方案},
  Author                   = {姜锡洲},
  Date                     = {1989-07-26},
  Number                   = {88105607.3},
  Titleaddon               = {中国}
}

@Patent{刘加林1993--,
  Title                    = {多功能一次性压舌板},
  Author                   = {刘加林},
  Date                     = {1993-04-14},
  Number                   = {92214985.2},
  Location                 = {中国}
}

@Patent{河北绿洲生态环境科技有限公司2001--,
  Title                    = {一种荒漠化地区生态植被综合培育种植方法},
  Author                   = {河北绿洲生态环境科技有限公司},
  Date                     = {2001-10-24},
  Number                   = {01129210.5},
  Url                      = {http://211.152.9.47/sipoasp/zlijs/hyjs-yx-new.asp?recid=01129210.5&leixin},
  Urldate                  = {2002-05-28}
}

@Patent{西安电子科技大学2002--a,
  author  = {西安电子科技大学},
  title   = {光折变自适应光外差探测方法},
  number  = {01128777.2},
  date    = {2002-03-06},
  url     = {http://211.152.9.47/sipoasp/zljs/hyjs-yx-new.asp?recid=01128777.2&leixin=0},
  urldate = {2002-05-28},
}

@Patent{TACHIBANA2002--,
  Title                    = {Electronic watermarking method and system},
  Author                   = {R TACHIBANA and S SHIMIZU and S KOBAYSHI and others},
  Date                     = {2002-04-25},
  Number                   = {US6915001},
  Url                      = {http://patftuspto.gov/netacgi/nph-Parser?Seetl=PTO2&Sect2=HITOFF&=1&u=/netahhml/search-bool.html&r=1&f=G&1=50&col=AND&d=ptxt&sl=`Electronic+watermarking+method+system'.TTL.&OS=TTL/},
  Urldate                  = {2002-05-28}
}

@Patent{KOSEKI2002--,
  Title                    = {Compiler},
  Author                   = {A KOSEKI and H MOMOSE and M KAWAHITO and others},
  Date                     = {2002-05-25},
  Number                   = {US828402},
  Url                      = {http://FF&p=1&u=netahtml/PTO/search-bool.html&r=5&f=G&l=50&col=AND&d=PG01&sl=IBM.AS.&0S=AN/IBM&RS=AN/IBM},
  Urldate                  = {2002-05-28}
}

@Patent{张凯军2012-04-05--,
  Title                    = {轨道火车及高速轨道火车紧急安全制动辅助装置},
  Author                   = {张凯军},
  Number                   = {201220158825.2},
  Year                     = {2012-04-05}
}
