
@Standard{信息与文献--,
  title     = {信息与文献---都柏林核心元数据元素集:GB/T 25100—2010}
}

@Standard{全国信息与文献标准化技术委员会2010-2-3,
  author    = {全国信息与文献标准化技术委员会},
  title     = {信息与文献\ \ \ \ 都柏林核心元数据元素集: GB/T 25100—2010},
  year      = {2010},
  address   = {北京},
  pages     = {2--3},
  publisher = {中国标准出版社},
}

@Standard{全国文献工作标准化委员会第七分委员会1986--,
  Title                    = {GB/T 5795--1986 中国标准书号},
  Author                   = {全国文献工作标准化委员会第七分委员会},
  Note                     = {standard},
  Year                     = {1986},
  Location                 = {北京},
  Publisher                = {中国标准出版社}
}



@Standard{国家标准局信息分类编码研究所1988-59-92,
  Title                    = {世界各国和地区名称代码 GB/T 2659-1986},
  Author                   = {国家标准局信息分类编码研究所},
  Date                     = {1988},
  Note                     = {standard},
  Bookauthor               = {全国文献工作标准化技术委员会},
  Booktitle                = {文献工作国家标准汇编},
  Booktitleaddon           = {3},
  Location                 = {北京},
  Pages                    = {59-92},
  Publisher                = {中国标准出版社}
}
