@Book{Yi2013--,
  Title                    = {Supersonic and hypersonic nozzle design},
  Address                  = {Beijing},
  Author                   = {Yi, Shi he and Zhao, Yu xin and He, Lin and Zhang, Min li},
  Publisher                = {National Defense Industry Press},
  Year                     = {2013}
}