@book{knuth,
author={Donald Knuth},
title={The \TeX{}book},
publisher={Addison-Wesley},
year=1986
}

@news{vlcnews,
title={VLC demonstration at seu has a data rate  of 1Gbps},
author={James Fan},
year=2016,
newspaper={Yangtze Daily},
pages=4
}