

@INPROCEEDINGS{chen2021visual,
  author={Chen, Boyuan and Hu, Yuhang and Kwiatkowski, Robert and Song, Shuran and Lipson, Hod},
  booktitle={2021 IEEE International Conference on Robotics and Automation (ICRA)}, 
  title={Visual perspective taking for opponent behavior modeling}, 
  year={2021},
  pages={13678-13685},
  keywords={Training;Visualization;Automation;Conferences;Games;Predictive models;Robots},
  doi={10.1109/ICRA48506.2021.9562028}}



@Inproceedings{Alford2015,
title={Active Behavior Recognition in Beyond Visual Range Air Combat},
author={Ron Alford and Hayley Borck and Justin Karneeb},
booktitle={The Third Annual Conference on Advances in Cognitive Systems 2015},
address={Atlanta, Georgia},
date={2015-05},
pages={1-14}
}




@inproceedings{ganzfried2018bayesian,
	title="Bayesian opponent exploitation in Imperfect-Information Games",
	author="Sam Ganzfried and Qingyun Sun",
	booktitle="2018 IEEE Conference on Computational Intelligence and Games (CIG)",
	pages="1--8",
	year={2018}
}


@article{MikolovSCCD13,
  author    = {Tomas Mikolov and
               Ilya Sutskever and
               Kai Chen and
               Greg Corrado and
               Jeffrey Dean},
  title     = {Distributed Representations of Words and Phrases and their Compositionality},
  journal   = {CoRR},
  volume    = {abs/1310.4546},
  year      = {2013},
  url       = {http://arxiv.org/abs/1310.4546},
  eprinttype = {arXiv},
  eprint    = {1310.4546},
}


@article{张强2018,
Title = {基于Q-network强化学习的超视距空战机动决策},
Author = {张强 and 杨任农 and 俞利新 and 张涛 and 左家亮},
Journal = {空军工程大学学报},
Volume = {19},
Number = {6},
Pages = {8 - 14},
Year = {2018},
}


@Article{罗广成2015--,
  Title       = {对星载SAR压制式干扰掩护区仿真建模研究},
  Author      = {罗广成 and 李修和 and 金家才 and 沈阳},
  Date        = {2014},
  Journaltitle= {系统仿真学报},
  volume      = {26},
  Number      = {4},
  Pages       = {769-773}
}


@Thesis{杨薇2014--,
  Title                    = {机载 SAR 回波仿真与图像模拟},
  Address                  = {成都},
  Author                   = {杨薇},
  Date                     = {2014-06},
  Institution              = {电子科技大学},
  Type                     = {master}
}


@InProceedings{huzhenzhen2021,
	author="Hu, ZhenZhen and Chen, Jing and Zhang, Wanpeng and Chen, Shaofei and Yuan, Weilin and Luo, Junren and Xu, Jiahui and Ji, Xiang",
	title="Odds Estimating with Opponent Hand Belief for Texas Hold'em Poker Agents",
	booktitle="Artificial Intelligence. CICAI 2021. Lecture Notes in Computer Science, vol 13069",
	year="2021",
	publisher="Springer International Publishing",
	address="Cham",
	pages="51--64",
    annotation={EI index},
    AUTHOR+an={1=thesisauthor},
}

@book{安波2022,
title={分布式人工智能  人工智能探索与实践},
author={安波 and 高阳 and 俞扬 and others},
address={北京},
publisher={电子工业出版社},
date={2022-11},
pages={1-383}
}

@article{Prezenski2017,
author = {Sabine Prezenski; André Brechmann; Susann Wolff},
title = {A cognitive modeling approach to strategy formation in dynamic decision making},
journal = {Frontiers in Psychology},
year = {2017},
volume = {8},
month = {8}
}