%% 
%% bib file modified by bibmap.py
%% 2024-12-12T11:34:42
%% 


@article{baker2007bayesian,
	author = {Baker, J. S. Roderick and Cowling, I. Peter},
	pages = {125--131},
	title = {Bayesian opponent modeling in a simple poker environment},
	journal = {2007 IEEE Symposium On Computational Intelligence And Games},
	year = {2007},
}

@inproceedings{Barone1999ea,
	author = {Barone, L. and While, L.},
	booktitle = {Evolutionary Computation, 1999. Cec 99. Proceedings Of The 1999 Congress On},
	title = {An adaptive learning model for simplified poker using evolutionary algorithms},
	year = {1999},
}

@article{billings2006alg,
	author = {Billings, Darse},
	pages = {1--10},
	title = {Algorithms and assessment in computer poker},
	year = {2006},
}

@article{billings1995,
	author = {Billings, Darse},
	pages = {1--46},
	title = {Computer poker},
	year = {1995},
}

@inproceedings{Billings1998,
	author = {Billings, Darse and Papp, Denis and Schaeffer, Jonathan and Szafron, Duane},
	publisher = {American Association of Artificial Intelligence},
	booktitle = {AAAI-98 Proceedings},
	pages = {1--7},
	title = {Opponent modeling in poker},
	year = {1998},
}

@article{Billings2002,
	author = {Billings, Darse and Davidson, Aaron and Schaeffer, Jonathan and Szafron, Duane},
	number = {134},
	pages = {201--240},
	title = {The challenge of poker},
	journal = {Artificial Intelligence},
	year = {2002},
}

@article{Bowling2015Heads,
	author = {Bowling, M. and Burch, N. and Johanson, M. and Tammelin, O.},
	number = {6218},
	pages = {145--149},
	title = {Heads-up limit hold'em poker is solved},
	volume = {347},
	journal = {Science},
	year = {2015},
}

@article{broeck2009mc,
	author = {Broeck, Van Den Guy and Driessens, Kurt and Ramon, Jan},
	pages = {367--381},
	title = {Monte-carlo tree search in poker using expected reward distributions},
	journal = {ACML},
	year = {2009},
}

@article{brown2019superhuman,
	author = {Brown, Noam and Sandholm, Tuomas},
	number = {6456},
	pages = {885--890},
	title = {Superhuman ai for multiplayer poker},
	volume = {365},
	journal = {Science},
	year = {2019},
}

@article{davidson2000improved,
	author = {Davidson, Aaron and Billings, Darse and Schaeffer, Jonathan and Szafron, Duane},
	pages = {1467--1473},
	title = {Improved opponent modeling in poker},
	journal = {IC-AI'2000: Proceedings Of The International Conference On Artificial Intelligence, Vol 1-Iii},
	year = {2000},
}

@article{Fedczyszyn2012,
	author = {Fedczyszyn, Grzegorz and Koszalka, Leszek and Pozniak-Koszalka, Iwona},
	title = {Opponent modeling in texas hold'em poker},
	journal = {Springer-Verlag},
	year = {2012},
}

@inproceedings{Goebel2018,
	author = {Goebel, Randy and Chander, Ajay and Holzinger, Katharina and Lecue, Freddy and Akata, Zeynep and Stumpf, Simone and Kieseberg, Peter and Holzinger, Andreas},
	booktitle = {International Cross Domain Conference For Machine Learning And Knowledge Extraction},
	pages = {295--304},
	title = {Explainable ai: the new 42?},
	address = {Hamburg, Germany},
	year = {2018},
}

@book{Hastie2009,
	author = {Hastie, Trevor and Tibshirani, Robert and Friedman, Jerome},
	publisher = {Springer},
	pages = {1--745},
	title = {The elements of statistical learning},
	address = {New York},
	year = {2009},
}

@thesis{Huangjian2013--,
	author = {Huang, Jian},
	institution = {Massachusetts Institute of Technology},
	pages = {1--54},
	title = {Building a computer poker agent with emphasis on opponent modeling},
	address = {Massachusetts},
	year = {2011},
}

@article{Kim2010A,
	author = {Kim, S. G. and Kim, Y. G.},
	number = {3},
	pages = {170--177},
	title = {A learning ai algorithm for poker with embedded opponent modeling},
	volume = {10},
	journal = {International Journal Of Fuzzy Logic \& Intelligent Systems},
	year = {2010},
}

@thesis{Kleij2010--,
	author = {Van Der Kleij, A.A.J.},
	institution = {University of Groningen},
	pages = {1--120},
	title = {Monte carlo tree search and opponent modeling through player clustering in {No-limit Texas Hold’em} poker},
	address = {Groningen},
	year = {2010},
}

@inproceedings{korb1999bayesian,
	author = {Korb, Kevin B. and Nicholson, Ann E. and Jitnah, Nathalie},
	booktitle = {UAI'99 Proceedings Of The Fifteenth Conference On Uncertainty In Artificial Intelligence},
	pages = {343--350},
	title = {Bayesian poker},
	year = {1999},
}

@article{Lake2016,
	author = {Lake, B. M. and Ullman, T. D. and Tenenbaum, J. B. and Gershman, S. J.},
	pages = {1--10},
	title = {Building machines that learn and think like people},
	journal = {Two Plus Two Publishing},
	year = {2016},
}

@article{li2012opponent,
	author = {Li, Ruobing and Li, Wenkai and Shang, Lin and Gao, Yang and Zhang, Mengjie},
	pages = {385--396},
	title = {Opponent's style modeling based on situations for bayesian poker},
	journal = {Australasian Conference On Artificial Intelligence},
	year = {2012},
}

@article{Li2018en,
	author = {Li, Xiang and Jiang, Xiao Hong and Chen, Ying Zhi and Bao, You Jun},
	number = {1},
	pages = {1--18},
	title = {Game in multiplayer {No-limit Texas Hold’em} based on hands prediction},
	volume = {41},
	journal = {Chinese Journaltitle Of Computers},
	year = {2018},
}

@inproceedings{Li2018,
	author = {Li, Xun and Miikkulainen, Risto},
	publisher = {Association for Computing Machinery},
	booktitle = {GECCO'18},
	pages = {1--9},
	title = {Opponent modeling and exploitation in poker using evolved recurrent neural networks},
	year = {2018},
}

@book{Mandziuk2010Knowledge,
	author = {Mandziuk, J.},
	publisher = {Springer-Verlag},
	pages = {169--180},
	title = {Knowledge-free and learning-based methods in intelligent game playing},
	address = {Berlin},
	year = {2010},
}

@article{Mealing2017,
	author = {Mealing, Richard and Shapiro, Jonathan L.},
	number = {1},
	pages = {11--25},
	title = {Opponent modeling by expectation–maximization and sequence prediction in simplified poker},
	volume = {9},
	journal = {IEEE Transactions On Computational Intelligence And Ai In Games},
	year = {2017},
}

@article{Moravík2017DeepStack,
	author = {MoravíK, Matej and Schmid, M. and Burch, N. and Lis, Viliam and Bowling, M.},
	number = {6337},
	pages = {508},
	title = {Deepstack: expert-level artificial intelligence in no-limit poker},
	volume = {356},
	journal = {Science},
	year = {2017},
}

@article{Newall2013,
	author = {Newall, P.},
	pages = {9--16},
	title = {Further limit hold’em: exploring the model poker game},
	journal = {Two Plus Two Publishing},
	year = {2013},
}

@article{nicolai2012countering,
	author = {Nicolai, Garrett and Hilderman, J. Robert},
	pages = {31--48},
	title = {Countering evolutionary forgetting in no-limit {Texas Hold'em} poker agents},
	journal = {IJCCI (Selected Papers)},
	year = {2012},
}

@inproceedings{ekmekci2013learning,
	author = {Ekmekci, Omer and Sirin, Volkan},
	booktitle = {AAAI 2013 Workshop},
	title = {Learning strategies for opponent modeling in poker},
	year = {2013},
}

@inproceedings{Ponsen2008Bayes,
	author = {Ponsen, Marc and Ramon, Jan and Croonenborghs, Tom and Driessens, Kurt and Tuyls, Karl},
	booktitle = {AAAI Conference On Artificial Intelligence},
	title = {Bayes-relational learning of opponent models from incomplete information in no-limit poker},
	year = {2008},
}

@article{Rubin2011Computer,
	author = {Rubin, J. and Watson, I.},
	number = {5-6},
	pages = {958--987},
	title = {Computer poker: a review},
	volume = {175},
	journal = {Artificial Intelligence},
	year = {2011},
}

@techreport{Schreven2019,
	author = {Van Schreven, Cyril},
	institution = {Distributed Information Systems Laboratory},
	title = {Deepbot - neuroevolutionary agent for opponent exploitation in 6-handed sit-and-go poker},
	address = {Geneva},
	year = {2019},
	month = {07},
}

@article{Silver2017Mastering,
	author = {Silver, D. and Schrittwieser, J. and Simonyan, K. and Antonoglou, I. and Hassabis, D.},
	number = {7676},
	pages = {354--359},
	title = {Mastering the game of go without human knowledge},
	volume = {550},
	journal = {Nature},
	year = {2017},
}

@inproceedings{southey2005bayes,
	author = {Southey, Finnegan and Bowling, Michael and Larson, Bryce and Piccione, Carmelo and Burch, Neil and Billings, Darse and Rayner, Chris},
	booktitle = {UAI'05 Proceedings Of The Twenty-First Conference On Uncertainty In Artificial Intelligence},
	pages = {550--558},
	title = {Bayes' bluff: opponent modelling in poker},
	year = {2005},
}

