%% 
%% bib file modified by bibmap.py
%% 2024-12-12T11:34:43
%% 


@inproceedings{chen2021visual,
	author = {Chen, Boyuan and Hu, Yuhang and Kwiatkowski, Robert and Song, Shuran and Lipson, Hod},
	booktitle = {2021 IEEE International Conference On Robotics And Automation (ICRA)},
	title = {Visual perspective taking for opponent behavior modeling},
	year = {2021},
	pages = {13678-13685},
	keywords = {Training;Visualization;Automation;Conferences;Games;Predictive models;Robots},
	doi = {10.1109/ICRA48506.2021.9562028},
}

@inproceedings{Alford2015,
	title = {Active behavior recognition in beyond visual range air combat},
	author = {Ron Alford and Hayley Borck and Justin Karneeb},
	booktitle = {The Third Annual Conference On Advances In Cognitive Systems 2015},
	address = {Atlanta, Georgia},
	pages = {1-14},
	year = {2015},
	month = {05},
}

@inproceedings{ganzfried2018bayesian,
	title = {Bayesian opponent exploitation in imperfect-information games},
	author = {Sam Ganzfried and Qingyun Sun},
	booktitle = {2018 IEEE Conference On Computational Intelligence And Games (CIG)},
	pages = {1--8},
	year = {2018},
}

@article{MikolovSCCD13,
	author = {Tomas Mikolov and Ilya Sutskever and Kai Chen and Greg Corrado and Jeffrey Dean},
	title = {Distributed representations of words and phrases and their compositionality},
	journal = {CoRR},
	volume = {abs/1310.4546},
	year = {2013},
	url = {http://arxiv.org/abs/1310.4546},
	eprinttype = {arXiv},
	eprint = {1310.4546},
}

@article{张强2018,
	title = {基于q-network强化学习的超视距空战机动决策},
	author = {张强 and 杨任农 and 俞利新 and 张涛 and 左家亮},
	journal = {空军工程大学学报},
	volume = {19},
	number = {6},
	pages = {8 - 14},
	year = {2018},
}

@article{罗广成2015--,
	title = {对星载sar压制式干扰掩护区仿真建模研究},
	author = {罗广成 and 李修和 and 金家才 and 沈阳},
	volume = {26},
	number = {4},
	pages = {769-773},
	journal = {系统仿真学报},
	year = {2014},
}

@thesis{杨薇2014--,
	title = {机载 sar 回波仿真与图像模拟},
	address = {成都},
	author = {杨薇},
	institution = {电子科技大学},
	type = {master},
	year = {2014},
	month = {06},
}

@inproceedings{huzhenzhen2021,
	author = {Hu, Zhenzhen and Chen, Jing and Zhang, Wanpeng and Chen, Shaofei and Yuan, Weilin and Luo, Junren and Xu, Jiahui and Ji, Xiang},
	title = {Odds estimating with opponent hand belief for texas hold'em poker agents},
	booktitle = {Artificial Intelligence. CICAI 2021. Lecture Notes In Computer Science, Vol 13069},
	year = {2021},
	publisher = {Springer International Publishing},
	address = {Cham},
	pages = {51--64},
	annotation = {EI index},
	author+an = {1=thesisauthor},
}

@book{安波2022,
	title = {分布式人工智能  人工智能探索与实践},
	author = {安波 and 高阳 and 俞扬 and others},
	address = {北京},
	publisher = {电子工业出版社},
	pages = {1-383},
	year = {2022},
	month = {11},
}

@article{Prezenski2017,
	author = {Sabine Prezenski; André Brechmann; Susann Wolff},
	title = {A cognitive modeling approach to strategy formation in dynamic decision making},
	journal = {Frontiers In Psychology},
	year = {2017},
	volume = {8},
	month = {8},
}

