%% 
%% bib file modified by bibmap.py
%% 2024-12-11T23:34:02
%% 


@article{baker2007bayesian,
	author = {Baker, J. S. Roderick and Cowling, I. Peter},
	date = {2007},
	journaltitle = {2007 IEEE Symposium on Computational Intelligence and Games},
	pages = {125--131},
	title = {Bayesian opponent modeling in a simple poker environment},
}

@inproceedings{Barone1999ea,
	author = {Barone, L. and While, L.},
	booktitle = {Evolutionary Computation, 1999. Cec 99. Proceedings of the 1999 Congress on},
	date = {1999},
	title = {An adaptive learning model for simplified poker using evolutionary algorithms},
}

@article{billings2006alg,
	author = {Billings, Darse},
	date = {2006},
	pages = {1--10},
	title = {Algorithms and assessment in computer poker},
}

@article{billings1995,
	author = {Billings, Darse},
	date = {1995},
	pages = {1--46},
	title = {Computer poker},
}

@inproceedings{Billings1998,
	author = {Billings, Darse and Papp, Denis and Schaeffer, Jonathan and Szafron, Duane},
	publisher = {American Association of Artificial Intelligence},
	booktitle = {AAAI-98 Proceedings},
	date = {1998},
	pages = {1--7},
	title = {Opponent modeling in poker},
}

@article{Billings2002,
	author = {Billings, Darse and Davidson, Aaron and Schaeffer, Jonathan and Szafron, Duane},
	date = {2002},
	journaltitle = {Artificial Intelligence},
	number = {134},
	pages = {201--240},
	title = {The challenge of poker},
}

@article{Bowling2015Heads,
	author = {Bowling, M. and Burch, N. and Johanson, M. and Tammelin, O.},
	date = {2015},
	journaltitle = {Science},
	number = {6218},
	pages = {145--149},
	title = {Heads-up limit hold'em poker is solved},
	volume = {347},
}

@article{broeck2009mc,
	author = {Broeck, Van den Guy and Driessens, Kurt and Ramon, Jan},
	date = {2009},
	journaltitle = {ACML},
	pages = {367--381},
	title = {Monte-carlo tree search in poker using expected reward distributions},
}

@article{brown2019superhuman,
	author = {Brown, Noam and Sandholm, Tuomas},
	date = {2019},
	journaltitle = {Science},
	number = {6456},
	pages = {885--890},
	title = {Superhuman ai for multiplayer poker},
	volume = {365},
}

@article{davidson2000improved,
	author = {Davidson, Aaron and Billings, Darse and Schaeffer, Jonathan and Szafron, Duane},
	date = {2000},
	journaltitle = {Ic-AI'2000: Proceedings of the International Conference on Artificial Intelligence, Vol 1-III},
	pages = {1467--1473},
	title = {Improved opponent modeling in poker},
}

@article{Fedczyszyn2012,
	author = {Fedczyszyn, Grzegorz and Koszalka, Leszek and Pozniak-Koszalka, Iwona},
	date = {2012},
	journaltitle = {Springer-Verlag},
	title = {Opponent modeling in texas hold'em poker},
}

@inproceedings{Goebel2018,
	author = {Goebel, Randy and Chander, Ajay and Holzinger, Katharina and Lecue, Freddy and Akata, Zeynep and Stumpf, Simone and Kieseberg, Peter and Holzinger, Andreas},
	location = {Hamburg, Germany},
	booktitle = {International Cross Domain Conference for Machine Learning and Knowledge Extraction},
	date = {2018},
	pages = {295--304},
	title = {Explainable ai: the new 42?},
}

@book{Hastie2009,
	author = {Hastie, Trevor and Tibshirani, Robert and Friedman, Jerome},
	location = {New York},
	publisher = {Springer},
	date = {2009},
	pages = {1--745},
	title = {The elements of statistical learning},
}

@thesis{Huangjian2013--,
	author = {Huang, Jian},
	institution = {Massachusetts Institute of Technology},
	location = {Massachusetts},
	date = {2011},
	pages = {1--54},
	title = {Building a computer poker agent with emphasis on opponent modeling},
}

@article{Kim2010A,
	author = {Kim, S. G. and Kim, Y. G.},
	date = {2010},
	journaltitle = {International Journal of Fuzzy Logic \& Intelligent Systems},
	number = {3},
	pages = {170--177},
	title = {A learning ai algorithm for poker with embedded opponent modeling},
	volume = {10},
}

@thesis{Kleij2010--,
	author = {van der Kleij, A.A.J.},
	institution = {University of Groningen},
	location = {Groningen},
	date = {2010},
	pages = {1--120},
	title = {Monte carlo tree search and opponent modeling through player clustering in {No-limit Texas Hold’em} poker},
}

@inproceedings{korb1999bayesian,
	author = {Korb, Kevin B. and Nicholson, Ann E. and Jitnah, Nathalie},
	booktitle = {UAI'99 Proceedings of the Fifteenth Conference on Uncertainty in Artificial Intelligence},
	date = {1999},
	pages = {343--350},
	title = {Bayesian poker},
}

@article{Lake2016,
	author = {Lake, B. M. and Ullman, T. D. and Tenenbaum, J. B. and Gershman, S. J.},
	date = {2016},
	journaltitle = {Two Plus Two Publishing},
	pages = {1--10},
	title = {Building machines that learn and think like people},
}

@article{li2012opponent,
	author = {Li, Ruobing and Li, Wenkai and Shang, Lin and Gao, Yang and Zhang, Mengjie},
	date = {2012},
	journaltitle = {Australasian Conference on Artificial Intelligence},
	pages = {385--396},
	title = {Opponent's style modeling based on situations for bayesian poker},
}

@article{Li2018en,
	author = {LI, Xiang and JIANG, Xiao Hong and CHEN, Ying Zhi and BAO, You Jun},
	date = {2018},
	journaltitle = {Chinese Journaltitle of Computers},
	number = {1},
	pages = {1--18},
	title = {Game in multiplayer {No-limit Texas Hold’em} based on hands prediction},
	volume = {41},
}

@inproceedings{Li2018,
	author = {Li, Xun and Miikkulainen, Risto},
	publisher = {Association for Computing Machinery},
	booktitle = {GECCO'18},
	date = {2018},
	pages = {1--9},
	title = {Opponent modeling and exploitation in poker using evolved recurrent neural networks},
}

@book{Mandziuk2010Knowledge,
	author = {Mandziuk, J.},
	location = {Berlin},
	publisher = {Springer-Verlag},
	date = {2010},
	pages = {169--180},
	title = {Knowledge-free and learning-based methods in intelligent game playing},
}

@article{Mealing2017,
	author = {Mealing, Richard and Shapiro, Jonathan L.},
	date = {2017},
	journaltitle = {IEEE Transactions on Computational Intelligence and AI in Games},
	number = {1},
	pages = {11--25},
	title = {Opponent modeling by expectation–maximization and sequence prediction in simplified poker},
	volume = {9},
}

@article{Moravík2017DeepStack,
	author = {Moravík, Matej and Schmid, M. and Burch, N. and Lis, Viliam and Bowling, M.},
	date = {2017},
	journaltitle = {Science},
	number = {6337},
	pages = {508},
	title = {Deepstack: expert-level artificial intelligence in no-limit poker},
	volume = {356},
}

@article{Newall2013,
	author = {Newall, P.},
	date = {2013},
	journaltitle = {Two Plus Two Publishing},
	pages = {9--16},
	title = {Further limit hold’em: exploring the model poker game},
}

@article{nicolai2012countering,
	author = {Nicolai, Garrett and Hilderman, J. Robert},
	date = {2012},
	journaltitle = {Ijcci (Selected Papers)},
	pages = {31--48},
	title = {Countering evolutionary forgetting in no-limit {Texas Hold'em} poker agents},
}

@inproceedings{ekmekci2013learning,
	author = {ekmekci, omer and sirin, volkan},
	booktitle = {AAAI 2013 Workshop},
	date = {2013},
	title = {Learning strategies for opponent modeling in poker},
}

@inproceedings{Ponsen2008Bayes,
	author = {Ponsen, Marc and Ramon, Jan and Croonenborghs, Tom and Driessens, Kurt and Tuyls, Karl},
	booktitle = {AAAI Conference on Artificial Intelligence},
	date = {2008},
	title = {Bayes-relational learning of opponent models from incomplete information in no-limit poker},
}

@article{Rubin2011Computer,
	author = {Rubin, J. and Watson, I.},
	date = {2011},
	journaltitle = {Artificial Intelligence},
	number = {5-6},
	pages = {958--987},
	title = {Computer poker: a review},
	volume = {175},
}

@report{Schreven2019,
	author = {van Schreven, Cyril},
	institution = {Distributed Information Systems Laboratory},
	location = {Geneva},
	date = {2019-07},
	title = {Deepbot - neuroevolutionary agent for opponent exploitation in 6-handed sit-and-go poker},
}

@article{Silver2017Mastering,
	author = {Silver, D. and Schrittwieser, J. and Simonyan, K. and Antonoglou, I. and Hassabis, D.},
	date = {2017},
	journaltitle = {Nature},
	number = {7676},
	pages = {354--359},
	title = {Mastering the game of go without human knowledge},
	volume = {550},
}

@inproceedings{southey2005bayes,
	author = {Southey, Finnegan and Bowling, Michael and Larson, Bryce and Piccione, Carmelo and Burch, Neil and Billings, Darse and Rayner, Chris},
	booktitle = {UAI'05 Proceedings of the Twenty-First Conference on Uncertainty in Artificial Intelligence},
	date = {2005},
	pages = {550--558},
	title = {Bayes' bluff: opponent modelling in poker},
}

