%% 
%% bib file modified by bibmap.py
%% 2024-12-11T23:19:59
%% 


@article{baker2007bayesian,
	author = {Baker, J. S. Roderick and Cowling, I. Peter},
	date = {2007},
	journaltitle = {2007 IEEE SYMPOSIUM ON COMPUTATIONAL INTELLIGENCE AND GAMES},
	pages = {125--131},
	title = {BAYESIAN OPPONENT MODELING IN A SIMPLE POKER ENVIRONMENT},
}

@inproceedings{Barone1999ea,
	author = {Barone, L. and While, L.},
	booktitle = {EVOLUTIONARY COMPUTATION, 1999. CEC 99. PROCEEDINGS OF THE 1999 CONGRESS ON},
	date = {1999},
	title = {AN ADAPTIVE LEARNING MODEL FOR SIMPLIFIED POKER USING EVOLUTIONARY ALGORITHMS},
}

@article{billings2006alg,
	author = {Billings, Darse},
	date = {2006},
	pages = {1--10},
	title = {ALGORITHMS AND ASSESSMENT IN COMPUTER POKER},
}

@article{billings1995,
	author = {Billings, Darse},
	date = {1995},
	pages = {1--46},
	title = {COMPUTER POKER},
}

@inproceedings{Billings1998,
	author = {Billings, Darse and Papp, Denis and Schaeffer, Jonathan and Szafron, Duane},
	publisher = {American Association of Artificial Intelligence},
	booktitle = {AAAI-98 PROCEEDINGS},
	date = {1998},
	pages = {1--7},
	title = {OPPONENT MODELING IN POKER},
}

@article{Billings2002,
	author = {Billings, Darse and Davidson, Aaron and Schaeffer, Jonathan and Szafron, Duane},
	date = {2002},
	journaltitle = {ARTIFICIAL INTELLIGENCE},
	number = {134},
	pages = {201--240},
	title = {THE CHALLENGE OF POKER},
}

@article{Bowling2015Heads,
	author = {Bowling, M. and Burch, N. and Johanson, M. and Tammelin, O.},
	date = {2015},
	journaltitle = {SCIENCE},
	number = {6218},
	pages = {145--149},
	title = {HEADS-UP LIMIT HOLD'EM POKER IS SOLVED},
	volume = {347},
}

@article{broeck2009mc,
	author = {Broeck, Van den Guy and Driessens, Kurt and Ramon, Jan},
	date = {2009},
	journaltitle = {ACML},
	pages = {367--381},
	title = {MONTE-CARLO TREE SEARCH IN POKER USING EXPECTED REWARD DISTRIBUTIONS},
}

@article{brown2019superhuman,
	author = {Brown, Noam and Sandholm, Tuomas},
	date = {2019},
	journaltitle = {SCIENCE},
	number = {6456},
	pages = {885--890},
	title = {SUPERHUMAN AI FOR MULTIPLAYER POKER},
	volume = {365},
}

@article{davidson2000improved,
	author = {Davidson, Aaron and Billings, Darse and Schaeffer, Jonathan and Szafron, Duane},
	date = {2000},
	journaltitle = {IC-AI'2000: PROCEEDINGS OF THE INTERNATIONAL CONFERENCE ON ARTIFICIAL INTELLIGENCE, VOL 1-III},
	pages = {1467--1473},
	title = {IMPROVED OPPONENT MODELING IN POKER},
}

@article{Fedczyszyn2012,
	author = {Fedczyszyn, Grzegorz and Koszalka, Leszek and Pozniak-Koszalka, Iwona},
	date = {2012},
	journaltitle = {SPRINGER-VERLAG},
	title = {OPPONENT MODELING IN TEXAS HOLD'EM POKER},
}

@inproceedings{Goebel2018,
	author = {Goebel, Randy and Chander, Ajay and Holzinger, Katharina and Lecue, Freddy and Akata, Zeynep and Stumpf, Simone and Kieseberg, Peter and Holzinger, Andreas},
	location = {Hamburg, Germany},
	booktitle = {INTERNATIONAL CROSS DOMAIN CONFERENCE FOR MACHINE LEARNING AND KNOWLEDGE EXTRACTION},
	date = {2018},
	pages = {295--304},
	title = {EXPLAINABLE AI: THE NEW 42?},
}

@book{Hastie2009,
	author = {Hastie, Trevor and Tibshirani, Robert and Friedman, Jerome},
	location = {New York},
	publisher = {Springer},
	date = {2009},
	pages = {1--745},
	title = {THE ELEMENTS OF STATISTICAL LEARNING},
}

@thesis{Huangjian2013--,
	author = {Huang, Jian},
	institution = {Massachusetts Institute of Technology},
	location = {Massachusetts},
	date = {2011},
	pages = {1--54},
	title = {BUILDING A COMPUTER POKER AGENT WITH EMPHASIS ON OPPONENT MODELING},
}

@article{Kim2010A,
	author = {Kim, S. G. and Kim, Y. G.},
	date = {2010},
	journaltitle = {INTERNATIONAL JOURNAL OF FUZZY LOGIC \& INTELLIGENT SYSTEMS},
	number = {3},
	pages = {170--177},
	title = {A LEARNING AI ALGORITHM FOR POKER WITH EMBEDDED OPPONENT MODELING},
	volume = {10},
}

@thesis{Kleij2010--,
	author = {van der Kleij, A.A.J.},
	institution = {University of Groningen},
	location = {Groningen},
	date = {2010},
	pages = {1--120},
	title = {MONTE CARLO TREE SEARCH AND OPPONENT MODELING THROUGH PLAYER CLUSTERING IN {No-limit Texas Hold’em} POKER},
}

@inproceedings{korb1999bayesian,
	author = {Korb, Kevin B. and Nicholson, Ann E. and Jitnah, Nathalie},
	booktitle = {UAI'99 PROCEEDINGS OF THE FIFTEENTH CONFERENCE ON UNCERTAINTY IN ARTIFICIAL INTELLIGENCE},
	date = {1999},
	pages = {343--350},
	title = {BAYESIAN POKER},
}

@article{Lake2016,
	author = {Lake, B. M. and Ullman, T. D. and Tenenbaum, J. B. and Gershman, S. J.},
	date = {2016},
	journaltitle = {TWO PLUS TWO PUBLISHING},
	pages = {1--10},
	title = {BUILDING MACHINES THAT LEARN AND THINK LIKE PEOPLE},
}

@article{li2012opponent,
	author = {Li, Ruobing and Li, Wenkai and Shang, Lin and Gao, Yang and Zhang, Mengjie},
	date = {2012},
	journaltitle = {AUSTRALASIAN CONFERENCE ON ARTIFICIAL INTELLIGENCE},
	pages = {385--396},
	title = {OPPONENT'S STYLE MODELING BASED ON SITUATIONS FOR BAYESIAN POKER},
}

@article{Li2018en,
	author = {LI, Xiang and JIANG, Xiao Hong and CHEN, Ying Zhi and BAO, You Jun},
	date = {2018},
	journaltitle = {CHINESE JOURNALTITLE OF COMPUTERS},
	number = {1},
	pages = {1--18},
	title = {GAME IN MULTIPLAYER {No-limit Texas Hold’em} BASED ON HANDS PREDICTION},
	volume = {41},
}

@inproceedings{Li2018,
	author = {Li, Xun and Miikkulainen, Risto},
	publisher = {Association for Computing Machinery},
	booktitle = {GECCO'18},
	date = {2018},
	pages = {1--9},
	title = {OPPONENT MODELING AND EXPLOITATION IN POKER USING EVOLVED RECURRENT NEURAL NETWORKS},
}

@book{Mandziuk2010Knowledge,
	author = {Mandziuk, J.},
	location = {Berlin},
	publisher = {Springer-Verlag},
	date = {2010},
	pages = {169--180},
	title = {KNOWLEDGE-FREE AND LEARNING-BASED METHODS IN INTELLIGENT GAME PLAYING},
}

@article{Mealing2017,
	author = {Mealing, Richard and Shapiro, Jonathan L.},
	date = {2017},
	journaltitle = {IEEE TRANSACTIONS ON COMPUTATIONAL INTELLIGENCE AND AI IN GAMES},
	number = {1},
	pages = {11--25},
	title = {OPPONENT MODELING BY EXPECTATION–MAXIMIZATION AND SEQUENCE PREDICTION IN SIMPLIFIED POKER},
	volume = {9},
}

@article{Moravík2017DeepStack,
	author = {Moravík, Matej and Schmid, M. and Burch, N. and Lis, Viliam and Bowling, M.},
	date = {2017},
	journaltitle = {SCIENCE},
	number = {6337},
	pages = {508},
	title = {DEEPSTACK: EXPERT-LEVEL ARTIFICIAL INTELLIGENCE IN NO-LIMIT POKER},
	volume = {356},
}

@article{Newall2013,
	author = {Newall, P.},
	date = {2013},
	journaltitle = {TWO PLUS TWO PUBLISHING},
	pages = {9--16},
	title = {FURTHER LIMIT HOLD’EM: EXPLORING THE MODEL POKER GAME},
}

@article{nicolai2012countering,
	author = {Nicolai, Garrett and Hilderman, J. Robert},
	date = {2012},
	journaltitle = {IJCCI (SELECTED PAPERS)},
	pages = {31--48},
	title = {COUNTERING EVOLUTIONARY FORGETTING IN NO-LIMIT {Texas Hold'em} POKER AGENTS},
}

@inproceedings{ekmekci2013learning,
	author = {ekmekci, omer and sirin, volkan},
	booktitle = {AAAI 2013 WORKSHOP},
	date = {2013},
	title = {LEARNING STRATEGIES FOR OPPONENT MODELING IN POKER},
}

@inproceedings{Ponsen2008Bayes,
	author = {Ponsen, Marc and Ramon, Jan and Croonenborghs, Tom and Driessens, Kurt and Tuyls, Karl},
	booktitle = {AAAI CONFERENCE ON ARTIFICIAL INTELLIGENCE},
	date = {2008},
	title = {BAYES-RELATIONAL LEARNING OF OPPONENT MODELS FROM INCOMPLETE INFORMATION IN NO-LIMIT POKER},
}

@article{Rubin2011Computer,
	author = {Rubin, J. and Watson, I.},
	date = {2011},
	journaltitle = {ARTIFICIAL INTELLIGENCE},
	number = {5-6},
	pages = {958--987},
	title = {COMPUTER POKER: A REVIEW},
	volume = {175},
}

@report{Schreven2019,
	author = {van Schreven, Cyril},
	institution = {Distributed Information Systems Laboratory},
	location = {Geneva},
	date = {2019-07},
	title = {DEEPBOT - NEUROEVOLUTIONARY AGENT FOR OPPONENT EXPLOITATION IN 6-HANDED SIT-AND-GO POKER},
}

@article{Silver2017Mastering,
	author = {Silver, D. and Schrittwieser, J. and Simonyan, K. and Antonoglou, I. and Hassabis, D.},
	date = {2017},
	journaltitle = {NATURE},
	number = {7676},
	pages = {354--359},
	title = {MASTERING THE GAME OF GO WITHOUT HUMAN KNOWLEDGE},
	volume = {550},
}

@inproceedings{southey2005bayes,
	author = {Southey, Finnegan and Bowling, Michael and Larson, Bryce and Piccione, Carmelo and Burch, Neil and Billings, Darse and Rayner, Chris},
	booktitle = {UAI'05 PROCEEDINGS OF THE TWENTY-FIRST CONFERENCE ON UNCERTAINTY IN ARTIFICIAL INTELLIGENCE},
	date = {2005},
	pages = {550--558},
	title = {BAYES' BLUFF: OPPONENT MODELLING IN POKER},
}

