@BOOK{SANGUOYANYI,
  author = "罗贯中",
  title = "三国演义",
  edition = "1",
  address = "山西太原",
  year = "元末明初",
  language = "chs"
}