
@book{李时珍--,
author={李时珍}
}

@book{乔纳斯--,
author={乔纳斯}
}

@Book{昂温1988--,
  Author                   = {昂温, S.},
}

@Book{GPS1988--,
  Title                    = {外国出版史},
  Author                   = {{昂温, G} and {昂温, P S}},
  Publisher                = {中国书籍出版社},
  Translator               = {陈生诤},
  Year                     = {1988},
  Location                 = {北京}
}

@Book{丸山敏秋--,
  Author                   = {丸山敏秋},
}

@Book{凯西尔--,
  Author                   = {凯西尔},
}

@book{Einstein--,
  author    = {Einstein, Albert}
}

@book{Williams-ellis--,
  author    = {Williams-ellis, Amabel}
}

@book{morgan--,
  author    = {De Morgan, Augustus}
}

@book{lijianning--a,
  author    = {{LI Jiangning}}
}

@book{lijianning--b,
  author    = {Li, Jiang Ning}
}

@book{钱学森--,
  author    = {钱学森 and 刘再复}
}

@book{李四光--,
  author    = {李四光 and 华罗庚 and 茅以升}
}

@book{印森林--,
  author    = {印森林 and 吴胜和 and 李俊飞 and 冯文杰}
}

@book{fordham--,
  author    = {Evenst W. Fordham and Amiad Ali and David A. Truner and John R. Charters}
}

@book{中国科学院物理研究所--,
  author    = {{中国科学院物理研究所}}
}

@book{贵州省土穰普查办公室--,
  author    = {{贵州省土穰普查办公室}}
}

@book{AmericanChemicalSociety--,
  author    = {{American Chemical Society}}
}


@book{StanfordUniversity--,
  author    = {{Stanford University. Department of Civil Eng ineering}}
}


@book{王夫之的诠释--,
  title  = {王夫之“乾坤并建”的诠释面向}
}

@book{张子正蒙注--,
  title  = {张子正蒙注}
}

@book{化学动力学和反应器原理--,
  title  = {化学动力学和反应器原理}
}

@book{袖珍神学--,
  title  = {袖珍神学，或，简明基督教词典}
}

@book{Gasesinsea--,
  title  = {Gases in sea ice 1975-1979}
}

@book{为人民服务--,
  title  = {为人民服务;纪念白求恩;愚公移山}
}

@book{编者1964--,
  title  = {为人民服务;纪念白求恩;愚公移山},
  address= {北京},
  publisher={人民出版社},
  date ={1964},
  pages= {1-3;7-11;31-35}
}

@book{大趋势--,
  title  = {大趋势}
}

@book{地壳运动--,
  title  = {地壳运动假说:从大陆漂移到板块构造}
}

@book{三松堂--,
  title  = {三松堂全集:第4卷}
}

@book{世界出版业--,
  title  = {世界出版业:美国卷}
}

@book{ECL集成电路--,
  title  = {ECL集成电路:原理与设计}
}

@book{中国科学技术史--,
  title  = {中国科学技术史:第2卷~~~~科学思想史}
}


@book{egbookeda--,
  title  = {中文书},
  edition={3}
}

@book{egbookedb--,
  title  = {中文书},
  edition={新1版}
}

@book{egbookedc--,
  title  = {中文书},
  edition={明刻本}
}

@book{egbookedd--,
  title  = {english book},
  edition={5}
}

@book{egbookede--,
  title  = {english book},
  edition={Rev. ed.}
}

@book{egbookpuba--,
  title  = {中文书},
  date      = {2013},
  address   = {北京},
  publisher = {人民出版社},
}

@book{egbookpubb--,
  title  = {english book},
  date      = {2012},
  address   = {New York},
  publisher = {Academic Press},
}

@book{egbookpubaddressa--,
  title  = {english book},
  address   = {Cambridge, Eng.},
  publisher = {Academic Press},
}

@book{egbookpubaddressb--,
  title  = {english book},
  address   = {Cambridge, Mass.},
  publisher = {Academic Press},
}

@book{egbookpubaddressc--,
  title  = {中文书},
  date      = {2013},
  address   = {北京 and 上海},
  publisher = {科学出版社},
}

@book{egbookpubaddressd--,
  title  = {english book},
  date      = {2000},
  address   = {London and Boston  and Durban and Syngapore and Sydney and Toronto and Wellington},
  publisher = {Butterworths},
}

@book{egbookpubaddresse--,
  title  = {中文书},
  date      = {1990},
  publisher = {三户图书刊行社},
}

@book{egbookpubaddressf--,
  title  = {english book},
  date      = {1975},
  publisher = {MacMillan},
}



@book{egbookpubpublishera--,
  title  = {中文书},
  address   = {北京},
  publisher = {中国标准出版社},
}

@book{egbookpubpublisherb--,
  title  = {english book},
  address   = {Cambridge},
  publisher = {Elsevier Science Publishers},
}

@book{egbookpubpublisherc--,
  title  = {english book},
  address   = {Cambridge},
  publisher = {IRRI},
}

@book{egbookpubpublisherd--,
  title  = {english book},
  address   = {Chicago},
  publisher = {ALA and CLA},
  date ={1978}
}

@book{egbookpubpublishere--,
  title  = {中文书},
  address   = {哈尔滨},
  date ={2013}
}

@book{egbookpubpublisherf--,
  title  = {english book},
  address   = {Salt Lake City},
  date ={1964}
}


@book{egbookpubdatea--,
  title  = {中文书},
  year ={1947(民国三十六年)}
}

@book{egbookpubdateb--,
  title  = {中文书},
  year ={1705(康熙四十四年)}
}

@book{egbookpubdated--,
  title  = {中文书},
  year ={c1988}
}

@book{egbookpubdatee--,
  title  = {中文书},
  year ={1985印刷}
}

@book{egbookpubdatef--,
  title  = {中文书},
  year ={[1936]}
}

@Book{曹凌2011-19-,
  author     = {曹凌},
  title      = {中国佛教疑伪经综录},
  year       = {2011},
  publisher  = {上海古籍出版社},
  address    = {上海},
  pages      ={19}
}

@Book{钱学森2001--,
  author     = {钱学森},
  title      = {创建系统学},
  year       = {2001},
  publisher  = {山西科学技术出版社},
  address    = {太原},
  pages      ={序2-3}
}

@Book{冯友兰2008--,
  author     = {冯友兰},
  title      = {冯友兰自选集},
  year       = {2008},
  publisher  = {北京大学出版社},
  address    = {北京},
  edition    ={2},
  pages      ={第1版自序}
}

@Book{周鲁卫2011--,
  author     = {周鲁卫},
  title      = {软物质物理导论},
  year       = {2011},
  publisher  = {复旦大学出版社},
  address    = {上海},
  pages      = {1}
}

@Book{RUDDOCK2009--,
  author     = {RUDDOCK, L.},
  title      = {Economics for the modern built environment},
  year       = {2009},
  publisher  = {Taylor & Francis},
  address    = {London},
  pages      = {12},
  url        = {http://lib.mylib.com},
  urldate    = {2010-06-15},
}

@book{kereanrefa,
  AUTHOR = {김세훈 and others},
  TITLE = { 도서판및특서진흥업 개정안 연구},
  DATE = {2003},
  address={서울},
  PAGES = {15},
  publisher = {한국운화관팡정책연구원},
}
%%김세훈, 외.   도서판및특서진흥업 개정안 연구〔M〕, 서울; 한국운화관팡정책연구원,2003: 15.


@book{kereanrefb,
  AUTHOR = {이냉목 },
  TITLE = { 도서관꺾규총람: 세 1 권},
  DATE = {2005},
  address={서울},
  PAGES = {67-68},
  publisher = {구미무역 출판부},
}
%%이냉목     도서관꺾규총람: 세 1 권[M〕. 서울: 구미무역 출판부,2005: 67-68.
%%

@Book{李炳穆2005--,
  author     = {李炳穆},
  title      = {图书馆法柜总览:第1卷},
  year       = {2005},
  publisher  = {九美贸易出版部},
  address    = {首尔},
  pages      = {67-68}
}

@book{japaneserefc,
  AUTHOR = {図書館用語辞典編集委員会},
  TITLE = { 最新図書館用語大辞典},
  DATE = {2004},
  address={東京},
  PAGES = {154},
  publisher = {柏書房株式会社},
}

@book{Deverell2013-21-22,
  author  = {Deverell, William and Igler, David},
  title   = {A Companion to {California} History},
  year    = {2013},
  date    = {2013-11-15},
  pages   = {21--22},
  doi     = {10.1002/9781444305036.ch2},
  url     = {http://onlinelibrary.wiley.com/doi/10.1002/9781444305036.ch2/summary},
  urldate = {2014-06-24},
  address = {New York},
  school  = {John Wiley \& Sons},
}


@Book{尼葛洛庞帝1996--,
  author     = {尼葛洛庞帝},
  title      = {数字化生存},
  year       = {1996},
  translator = {胡泳 and 范海燕},
  publisher  = {海南出版社},
  address    = {海口},
}

@Book{汪冰1997-16-16,
  author    = {汪冰},
  title     = {电子图书馆理论与实践研究},
  year      = {1997},
  publisher = {北京图书馆出版社},
  pages     = {16},
  address   = {北京},
}

@Book{Baker1995--,
  author    = {Baker, S K and Jackson, M E},
  title     = {The future of resource sharing},
  year      = {1995},
  publisher = {The Haworth Press},
  address   = {New York},
}

@Book{Chernik1982--,
  author    = {Chernik, B E},
  title     = {Introduction to library services for library technicians},
  year      = {1982},
  publisher = {Libraries Unlimited, Inc.},
  address   = {Littleton, Colo.},
}

@Book{王夫之1845--,
  Title                    = {宋论},
  Author                   = {王夫之},
  Edition                  = {刻本},
  Publisher                = {曾氏},
  Year                     = {1845(清同治四年)},
  Location                 = {金陵}
}

@Book{汪昂1881--,
  Title                    = {增订本草备要:四卷},
  Address                  = {京都},
  Author                   = {汪昂},
  Edition                  = {刻本},
  Publisher                = {老二酉堂},
  Year                     = {1881(清光绪七年)},
  Location                 = {京都}
}

@Book{汪昂1912--,
  Title                    = {(增补)本草备要},
  Author                   = {汪昂},
  Edition                  = {石印本},
  Publisher                = {同文书局},
  Year                     = {1912},
  Location                 = {上海}
}


@Book{1962-50-50,
  Title                    = {康熙字典:已集上:水部},
  Address                  = {北京},
  Edition                  = {同文书局影印本},
  Pages                    = {50},
  Publisher                = {中华书局},
  Year                     = {1962}
}

@Book{CRANE1972--,
  Title                    = {Invisible college},
  Author                   = {D. Crane},
  Date                     = {1972},
  Publisher                = {Univ. of Chicago Press},
  Location                 = {Chicago}
}

@Book{IFLAI1977--,
  Title                    = {Names of persons: national usages for entry in catalogues},
  Author                   = {{International Federation of Library Association and Institutions}},
  Edition                  = {3},
  Publisher                = {IFLA International Office for UBC},
  Year                     = {1977},
  Location                 = {London}
}

@Book{中国社会科学院语言研究所词典编辑室1996--,
  author    = {中国社会科学院语言研究所词典编辑室},
  title     = {现代汉语词典},
  year      = {1996},
  edition   = {修订本},
  publisher = {商务印书馆},
  address   = {北京},
}

@Book{罗杰斯2011-15-16,
  author     = {罗杰斯},
  title      = {西方文明史: 问题与源头},
  year       = {2011},
  translator = {潘惠霞 and 魏婧 and 杨艳 and others},
  publisher  = {东北财经大学出版社},
  pages      = {15--16},
  address    = {大连},
}

@Book{陈登原2000-29-29,
  author    = {陈登原},
  title     = {国史旧闻: 第1卷},
  year      = {2000},
  publisher = {中华书局},
  pages     = {29},
  address   = {北京},
}

@Book{哈里森沃尔德伦2012-235-236,
  author     = {哈里森·沃尔德伦},
  title      = {经济数学与金融数学},
  year       = {2012},
  translator = {谢远涛},
  publisher  = {中国人民大学出版社},
  pages      = {235--236},
  address    = {北京},
}

@Book{北京市政协民族和宗教委员会2012-112-112,
  author    = {北京市政协民族和宗教委员会 and 北京联合大学民族与宗教研究所},
  title     = {历代王朝与民族宗教},
  year      = {2012},
  publisher = {民族出版社},
  pages     = {112},
  address   = {北京},
}


@Book{徐光宪2010--,
  author    = {徐光宪 and 王祥云},
  title     = {物质结构},
  year      = {2010},
  publisher = {科学出版社},
  address   = {北京},
}

@Book{顾炎武1992--,
  author    = {顾炎武},
  title     = {昌平山水记：京东考古录},
  year      = {1992},
  publisher = {北京古籍出版社},
  address   = {北京},
}

@Book{王夫之1865--,
  author    = {王夫之},
  title     = {宋论},
  year      = {1865(清同治四年)},
  edition   = {刻本},
  publisher = {湘乡曾国荃},
  address   = {金陵},
}

@Book{赵学功2001--,
  author    = {赵学功},
  title     = {当代美国外交},
  year      = {2001},
  publisher = {社会科学文献出版社},
  url       = {http://www.cadal.zju.edu.cn/book/trySinglePage/33023884/1},
  urldate   = {2014-06-11},
  address   = {北京},
}

@Book{同济大学土木工程防灾国家重点实验室2011-5-6,
  author    = {同济大学土木工程防灾国家重点实验室},
  title     = {汶川地震灾害研究},
  year      = {2011},
  publisher = {同济大学出版社},
  pages     = {5--6},
  url       = {http://apabi.lib.pku.edu.cn/usp/pku/pub.mvc?pid=book.detail&metaid=m.20120406-YPT-889-0010},
  urldate   = {2013-05-09},
  address   = {上海},
}

@Book{中国造纸学会2003--,
  author    = {中国造纸学会},
  title     = {中国造纸年鉴: 2003},
  year      = {2003},
  publisher = {中国轻工业出版社},
  url       = {http://www.cadal.zju.edu.cn/book/view/25010080},
  urldate   = {2014-04-25},
  address   = {北京},
}

@Book{Baldock2011-105-105,
  author    = {Baldock, Peter},
  title     = {Developing early childhood services: past, present and future},
  year      = {2011},
  publisher = {Open University Press},
  pages     = {105},
  url       = {http://lib.myilibrary.com/Open.aspx?id=312377},
  urldate   = {2012-11-27},
}

@Book{Fan2013-25-26,
  author    = {Fan, Xuetong and Sommers, Christopher H.},
  title     = {Food irradiation research and technology},
  year      = {2013},
  edition   = {2},
  publisher = {Blackwell Publishing},
  pages     = {25--26},
  url       = {http://onlinelibrary.wiley.com/doi/10.1002/9781118422557.ch2/summary},
  urldate   = {2014-06-26},
  address   = {Ames, Iowa},
}

@Book{Morri2010--,
  author    = {Morri, I},
  title     = {Why the West Rules for Now: the Patterns of History, and What They Reveal about the Future},
  year      = {2010},
  publisher = {{Farrar, Straus and Giroux}},
  address   = {New York},
}

@Book{顾炎武1982--,
  Title                    = {昌平山水记},
  Author                   = {顾炎武},
  Publisher                = {北京古籍出版社},
  Year                     = {1982},
  Location                 = {北京},
  Titleaddon               = {东京考古录}
}

@Book{PIGGOT1990--,
  Title                    = {The cataloguer's way through AACR2: from document receipt to document retrieval},
  Author                   = {T. M. PIGGOT},
  Publisher                = {The Library Association},
  Year                     = {1990},
  Location                 = {London}
}

@Book{广西壮族自治区林业厅1993--,
  Title                    = {广西自然保护区},
  Author                   = {广西壮族自治区林业厅},
  Date                     = {1993},
  Publisher                = {中国林业出版社},
  Location                 = {北京}
}

@Book{OBRIEN1994--,
  Title                    = {Introduction to information systems},
  Author                   = {J A O'BRIEN},
  Date                     = {1994},
  Edition                  = {7},
  Publisher                = {Irwin},
  Location                 = {Burr Ridge, III}
}

@Book{辛希孟1994--,
  Title                    = {信息技术与信息服务国际研讨会论文集},
  Author                   = {辛希孟},
  Publisher                = {中国社会科学出版社},
  Year                     = {1994},
  Location                 = {北京},
  Titleaddon               = {A集}
}

@Book{CRAWFPRD1995--,
  Title                    = {Future libraries: dreams, maddness, \& reality},
  Author                   = {W CRAWFPRD and M GORMAN},
  Date                     = {1995},
  Publisher                = {American Library Association},
  Location                 = {Chicago}
}

@Book{赵凯华1995--,
  Title                    = {{新概念物理教程}},
  Address                  = {北京},
  Author                   = {赵凯华 and 罗蔚茵},
  Publisher                = {高等教育出版社},
  Year                     = {1995}
}

@Book{国家环境保护局科技标准司1996-2-3,
  Title                    = {土壤环境质量标准: GB 15616-1995},
  Address                  = {北京},
  Author                   = {国家环境保护局科技标准司},
  Note                     = {standard},
  Pages                    = {2-3},
  Publisher                = {中国标准出版社},
  Url                      = {http://wenku.baidu.com},
  Urldate                  = {2013-10-14},
  Year                     = {1996}
}

@Book{蒋有绪1998--,
  Title                    = {中国森林群落分类及其群落学特征 and \XeLaTeX{}},
  Address                  = {北京},
  Author                   = {蒋有绪 and 郭泉水 and 马娟 and others},
  Publisher                = {科学出版社},
  Year                     = {1998}
}

@Book{赵耀东1998--,
  Title                    = {新时代的工业工程师},
  Author                   = {赵耀东},
  Publisher                = {天下文化出版社},
  Url                      = {http://www.ie.nthu.edu.tw/info/ie.newie.htm(Big5)},
  Urldate                  = {1998-09-26},
  Year                     = {1998},
  Location                 = {台北}
}

@Book{唐绪军1999-117-121,
  Title                    = {报业经济与报业经营},
  Author                   = {唐绪军},
  Date                     = {1999},
  Pages                    = {117-121},
  Publisher                = {新华出版社},
  Location                 = {北京}
}

@Book{Gradshteyn2000--,
  Title                    = {Tables of Integrals, Series, and Products},
  Address                  = {San Diego},
  Author                   = {Gradshteyn, I. S. and Ryzhik,I. M.},
  Edition                  = {Sixth Edition},
  Publisher                = {CA: Academic Press, Inc.},
  Year                     = {2000}
}

@Book{Parsons2000--,
  Title                    = {The Mobile Radio Propagation Channel},
  Address                  = {Hoboken},
  Author                   = {Parsons, J. D.},
  Edition                  = {2},
  Publisher                = {John Wiley and Sons},
  Year                     = {2000}
}

@Book{Parsons2000a--,
  Title                    = {The Mobile Radio Propagation Channel},
  Address                  = {Hoboken},
  Author                   = {PARSONS},
  Edition                  = {2},
  Publisher                = {John Wiley and Sons},
  Year                     = {2000}
}

@Book{Parsons2000b--,
  Title                    = {The Mobile Radio Propagation Channel},
  Address                  = {Hoboken},
  Author                   = {Parsons},
  Edition                  = {2},
  Publisher                = {John Wiley and Sons},
  Year                     = {2000}
}

@Book{Parsons2000noauthor--,
  Title                    = {The Mobile Radio Propagation Channel},
  Address                  = {Hoboken},
  Edition                  = {2},
  Publisher                = {John Wiley and Sons},
  Year                     = {2000}
}

@Book{Parsons2000noloc--,
  Title                    = {The Mobile Radio Propagation Channel},
  Author                   = {Parsons, J. D.},
  Edition                  = {2},
  Publisher                = {John Wiley and Sons},
  Year                     = {2000}
}

@Book{Parsons2000nopub--,
  Title                    = {The Mobile Radio Propagation Channel},
  Address                  = {Hoboken},
  Author                   = {Parsons, J. D.},
  Edition                  = {2},
  Year                     = {2000}
}

@Book{Parsons2000nopubpages--,
  Title                    = {The Mobile Radio Propagation Channel},
  Address                  = {Hoboken},
  Author                   = {Parsons, J. D.},
  Edition                  = {2},
  Pages                    = {15-20},
  Year                     = {2000}
}

@Book{YUFIN2000--a,
  Title                    = {Geoecology and computers},
  Author                   = {S. A. YUFIN},
  Publisher                = {A. A. Balkema},
  Year                     = {2000},
  Location                 = {Rotterdam},
  Titleaddon               = {proceedings of the Third International Conference on Advances of
 Computer Methods in Geotechnical and Geoenvironmental
 Engineering, Moscow, Russia, February 1-4, 2000}
}

@Book{孙玉文2000--,
  Title                    = {汉语变调构词研究},
  Author                   = {孙玉文},
  Publisher                = {北京大学出版社},
  Year                     = {2000},
  Location                 = {北京}
}

@Book{booknoauthor,
  Title                    = {出版集团研究},
  Date                     = {2001},
  Pages                    = {179-193},
  Publisher                = {中国书籍出版社},
  Location                 = {北京}
}

@Book{booknolocation,
  Title                    = {出版集团研究},
  Author                   = {余敏},
  Date                     = {2001},
  Pages                    = {179-193},
  Publisher                = {中国书籍出版社}
}

@Book{booknopages,
  Title                    = {出版集团研究},
  Author                   = {余敏},
  Date                     = {2001},
  Publisher                = {中国书籍出版社},
  Url                      = {www.bla~bla.org},
  Location                 = {北京}
}

@Book{booknopublisher,
  Title                    = {出版集团研究},
  Author                   = {余敏},
  Date                     = {2001},
  Location                 = {北京}
}

@Book{booknopublisherpage,
  Title                    = {出版集团研究},
  Author                   = {余敏},
  Date                     = {2001},
  Pages                    = {20-30},
  Location                 = {北京}
}

@Book{PEEBLES2001--,
  Title                    = {Probability, random variable and random signal principles},
  Author                   = {PEEBLES, Jr., P Z},
  Edition                  = {4},
  Publisher                = {McGraw Hill},
  Year                     = {2001},
  Location                 = {New York}
}

@Book{Peebles2001-100-100,
  Title                    = {Probability, random variable, and random signal Principles and \LaTeX{}},
  Address                  = {New York},
  Author                   = {von Peebles, Jr., P. Z.},
  Edition                  = {4},
  Pages                    = {100},
  Publisher                = {McGraw-Hill},
  Year                     = {2001}
}

@Book{ROOD2001--,
  Title                    = {Logic and structured design for computer programmers},
  Author                   = {H J ROOD},
  Date                     = {2001},
  Edition                  = {3},
  Publisher                = {Brooks/Cole-Thomson Learning}
}

@Book{Simon2001--,
  Title                    = {Spread Spectrum Communications Handbook},
  Address                  = {New York City},
  Author                   = {Simon, M. K. and Omura,J. K. and Scholtz,R. A. and Levitt,B. K.},
  Publisher                = {McGraw-Hill, Inc.},
  Year                     = {2001}
}

@Book{Stueber2001--,
  Title                    = {Principles of Mobile Communication},
  Address                  = {Norwell},
  Author                   = {Stuber, G. L.},
  Edition                  = {Second Edition},
  Publisher                = {MA: Kluwer Academic Publishers},
  Year                     = {2001}
}

@Book{余敏2001-179-193,
  Title                    = {出版集团研究},
  Author                   = {余敏},
  Date                     = {2001},
  Pages                    = {179-193},
  Publisher                = {中国书籍出版社},
  Location                 = {北京}
}

@Book{余敏2001-179-193a,
  Title                    = {出版集团研究},
  Author                   = {余敏},
  Date                     = {2001},
  Edition                  = {3},
  Pages                    = {179-193},
  Publisher                = {中国书籍出版社},
  Location                 = {北京}
}

@Book{余敏2001-179-193b,
  Title                    = {出版集团研究},
  Author                   = {余敏},
  Date                     = {2001},
  Edition                  = {2},
  Pages                    = {179-193},
  Publisher                = {中国书籍出版社},
  Location                 = {北京}
}

@Book{余敏2001-179-193c,
  Title                    = {出版集团研究},
  Author                   = {余敏},
  Date                     = {2001},
  Pages                    = {179-193},
  Publisher                = {中国书籍出版社},
  Url                      = {http://www.baidu.com},
  Urldate                  = {2001-08-04},
  Location                 = {北京}
}

@Book{赵学功2001--a,
  author    = {赵学功},
  title     = {当代美国外交},
  year      = {2001},
  publisher = {社会科学文献出版社},
  url       = {http://www.baidu.com},
  urldate   = {2014-06-11},
}

@Book{张伯伟2002--,
  Title                    = {全唐五代诗格会考},
  Address                  = {南京},
  Author                   = {张伯伟},
  Pages                    = {288},
  Publisher                = {江苏古籍出版社},
  Year                     = {2002}
}

@Book{Kopka2004--,
  Title                    = {A Guide to LATEX and Electronic Publishing},
  Address                  = {Harlow, England},
  Author                   = {Helmut Kopka and Patrick W. Daly},
  Date                     = {2004},
  Edition                  = {4},
  Publisher                = {Addison-Wesley}
}

@Book{Lin2004--,
  Title                    = {Error Control Coding},
  Address                  = {Englewood Cliffs},
  Author                   = {Lin, S. and Daniel Costello,J.},
  Edition                  = {Second Edition},
  Publisher                = {NJ:Prentice Hall},
  Year                     = {2004}
}

@Book{Mittelbach2004--,
  Title                    = {The LaTeX Companion},
  Address                  = {Boston},
  Author                   = {Frank Mittelbach and Michel Goossens and Johannes Braams and David Carlisle and Chris Rowley},
  Edition                  = {Second Edition},
  Publisher                = {Addison-Wesley},
  Year                     = {2004}
}

@Book{Simon2004--,
  Title                    = {Digital Communication over Fading Channels},
  Address                  = {Hoboken},
  Author                   = {Simon, M. K. and Alouini,M. S.},
  Publisher                = {NJ: Wiley-IEEE Press},
  Year                     = {2004}
}

@Book{Miroslav2004--,
  Title                    = {信号处理滤波器设计-基于matlab和mathematica的设计方法},
  Address                  = {北京},
  Author                   = {Miroslav, D. L. and Dejan, V. T. and Brian, L. E.},
  Publisher                = {电子工业出版社},
  Translator               = {朱义胜 and 董辉},
  Year                     = {2004},
  Month                    = {1}
}

@Book{Miroslav2003--,
  Title                    = {信号处理滤波器设计方法},
  Address                  = {北京},
  Author                   = {Miroslav, D. L. and Dejan, V. T.},
  Publisher                = {电子工业出版社},
  Translator               = {朱义胜 and 董辉},
  Year                     = {2003},
  Month                    = {1}
}

@Book{Reed2005--,
  Title                    = {An Introduction to Ultrawideband Communication Systems},
  Address                  = {Upper Saddle River},
  Author                   = {Reed, J. H.},
  Publisher                = {NJ: Prentice Hall},
  Year                     = {2005}
}

@Book{樊昌信2005--,
  Title                    = {通信原理教程},
  Address                  = {北京},
  Author                   = {樊昌信},
  Publisher                = {电子工业出版社},
  Year                     = {2005}
}

@Book{郭文彬2006--,
  Title                    = {通信原理--基于Matlab的计算机仿真},
  Address                  = {北京},
  Author                   = {郭文彬 and 桑林},
  Publisher                = {北京邮电大学出版社},
  Year                     = {2006}
}

@Book{蔡敏2006--,
  Title                    = {UML基础和Rose建模教程},
  Address                  = {北京},
  Author                   = {蔡敏 and 徐慧慧 and 黄柄强},
  Publisher                = {人民邮电出版社},
  Year                     = {2006},
  Month                    = {1}
}

@Book{Proakis2007--,
  Title                    = {Digital signal processing: Principles,algorithms, and applications},
  Address                  = {北京},
  Author                   = {Proakis, J. G. AND Manolakis, D. G.},
  Edition                  = {第4版},
  Publisher                = {电子工业出版社},
  Year                     = {2007}
}

@Book{全国广播电视标准化技术委员会2007-1-1,
  Title                    = {广播电视音像资料编目规范:第2部分~ 广播资料:GY/T202.2-2007},
  Address                  = {北京},
  Author                   = {全国广播电视标准化技术委员会},
  Note                     = {standard},
  Pages                    = {1},
  Publisher                = {国家广播电影电视局广播电视规划院},
  Year                     = {2007}
}

@Book{庄钊文2007--,
  Title                    = {军用目标雷达散射截面预估与测量},
  Address                  = {北京},
  Author                   = {庄钊文 and 袁乃昌 and 莫锦军 and 刘少斌},
  Publisher                = {科学出版社},
  Year                     = {2007}
}

@Book{2009-155-155,
  Title                    = {师伏堂日记:第4册},
  Address                  = {北京},
  Pages                    = {155},
  Publisher                = {北京图书馆出版社},
  Year                     = {2009}
}

@Book{罗斯基2009--,
  Title                    = {战前中国经济的增长},
  Address                  = {杭州},
  Author                   = {罗斯基},
  Publisher                = {浙江大学出版社},
  Translator               = {唐巧天 and 毛立坤 and 姜修宪},
  Year                     = {2009}
}

@Book{陈希孺2009--,
  Title                    = {概率论与数理统计},
  Address                  = {合肥},
  Author                   = {陈希孺},
  Publisher                = {中国科学技术大学出版社},
  Year                     = {2009},
  Month                    = {2}
}

@Book{李云霞2009--,
  Title                    = {光电对抗原理与应用},
  Address                  = {西安},
  Author                   = {李云霞 and 蒙文 and 马丽华 and 赵尚弘},
  Date                     = {2009-02},
  Publisher                = {西安电子科技大学出版社}
}

@book{weiner2010-38,
  Title                    = {Microarchaeology: beyond the visible archaeological record},
  Author                   = {Weiner, S},
  Address                  = {Cambridge, Eng.},
  Date                     = {2010},
  Publisher                = {Cambridge University Press Textbooks},
  Url                      = {http://lib.MYLIB.COM/OPEN.aspx?id=253897},
  Urldate                  = {2013-10-14},
  pages                    = {38}
}

@Book{候文顺2010-119-119,
  Title                    = {高分子物理:高分子材料分析、选择与改性},
  Address                  = {北京},
  Author                   = {候文顺},
  Pages                    = {119},
  Publisher                = {化学工业出版社},
  Url                      = {http://apabi.lib.pku.edu.cn},
  Urldate                  = {2012-11-27},
  Year                     = {2010}
}

@Book{胡承正2010-112-112,
  Title                    = {理论物理概论:上},
  Address                  = {武汉},
  Author                   = {胡承正 and 周详 and 缪灵},
  Pages                    = {112},
  Publisher                = {武汉大学出版社},
  Year                     = {2010}
}

@Book{美国妇产科医师学会2010-38-39,
  Title                    = {新生儿脑病和脑性瘫痪发病机制与病理生理},
  Address                  = {北京},
  Author                   = {美国妇产科医师学会},
  Pages                    = {38-39},
  Publisher                = {人民卫生出版社},
  Translator               = {段涛 and 杨慧霞},
  Year                     = {2010}
}

@Book{全国信息文献标准化技术委员会2010-3-3,
  Title                    = {文献著录:第4部分~ 非书资料:GB/T3792.4-2009},
  Address                  = {北京},
  Author                   = {全国信息文献标准化技术委员会},
  Note                     = {standard},
  Pages                    = {3},
  Publisher                = {中国标准出版社},
  Year                     = {2010}
}

@Book{王雪松2010--,
  Title                    = {现代雷达电子战系统建模与仿真},
  Address                  = {北京},
  Author                   = {王雪松 and 肖顺平 and 冯德军 and 赵锋},
  Date                     = {2010-03},
  Publisher                = {电子工业出版社}
}

@Book{Ross2010--,
  Title                    = {概率论基础教程},
  Address                  = {北京},
  Author                   = {Ross, S. M.},
  Edition                  = {第8版},
  Publisher                = {人民邮电出版社},
  Translator               = {郑忠国 and 詹从赞},
  Year                     = {2010},
  Month                    = {4}
}

@Book{陈志杰2006--,
  Title                    = {LaTeX 入门与提高},
  Address                  = {北京},
  Author                   = {陈志杰 and 赵书钦 and 李树钧 and 万福永},
  Edition                  = {第二版},
  Publisher                = {高等教育出版社},
  Year                     = {2010},
  Month                    = {5}
}

@Book{Praetzellis2011-13-13,
  Title                    = {death by theory : a tale of mystery and archaeological theory},
  Author                   = {Praetzellis, A.},
  Edition                  = {Rev. ed.},
  Pages                    = {13},
  Publisher                = {Rowman \& Littlefield Publishing Group, Inc.},
  Url                      = {http://lib.myilibrary.com},
  Urldate                  = {2012-07-26},
  Year                     = {2011}
}

@Book{胡伟2011--,
  Title                    = {LaTeX2$\varepsilon$完全学习手册},
  Address                  = {北京},
  Author                   = {胡伟},
  Publisher                = {清华大学出版社},
  Year                     = {2011},
  Month                    = {1}
}

@Book{Kinchy2012-50-50,
  Title                    = {Seeds, Sciences, and struggle : the global politics of transgenic crops},
  Address                  = {Cambridge,Mass.},
  Author                   = {Kinchy, A.},
  Pages                    = {50},
  Publisher                = {MIT Press},
  Url                      = {http://lib.myilibary.com},
  Urldate                  = {2013-07-14},
  Year                     = {2012}
}

@Book{库恩2012--,
  Title                    = {科学革命的结构:第4版},
  Address                  = {北京},
  Author                   = {库恩},
  Edition                  = {2},
  Publisher                = {北京大学出版社},
  Translator               = {金吾伦 and 胡新和},
  Year                     = {2012}
}

@Book{埃伯哈德$ullet$蔡德勒等2012--,
  Title                    = {数学指南-实用数学手册},
  Address                  = {北京},
  Author                   = {埃伯哈德$\bullet$蔡德勒等},
  Publisher                = {科学出版社},
  Translator               = {李文林等},
  Year                     = {2012},
  Month                    = {1}
}

@Book{廖平2012--,
  Title                    = {导弹突防中的电子对抗技术},
  Address                  = {北京},
  Author                   = {廖平 and 姜勤波},
  Date                     = {2012-01},
  Publisher                = {国防工业出版社}
}

@Book{胡广书2012--,
  Title                    = {数字信号处理—理论、算法与实现},
  Address                  = {北京},
  Author                   = {胡广书},
  Edition                  = {第三版},
  Publisher                = {清华大学出版社},
  Year                     = {2012},
  Month                    = {10}
}

@Book{Yi2013--,
  Title                    = {Supersonic and hypersonic nozzle design},
  Address                  = {Beijing},
  Author                   = {Yi, Shi he and Zhao, Yu xin and He, Lin and Zhang, Min li},
  Publisher                = {National Defense Industry Press},
  Year                     = {2013}
}

@Book{LIAO2012--,
  Title                    = {Electronic countermeasure techniques for missile penetration},
  Address                  = {Beijing},
  Author                   = {LIAO, ping and JIANG, qin bo},
  Publisher                = {National Defense Industry Press},
  Year                     = {2013}
}

@Book{LIU2003--,
  Title                    = {Introduction of Ballistic Misille Techniques},
  Address                  = {Beijing},
  Author                   = {LIU, shi Qiu},
  Publisher                = {China Astronautic Publishing House},
  Year                     = {2003}
}

@Book{易仕和2013--,
  Title                    = {超声速和高超声速喷管设计},
  Address                  = {北京},
  Author                   = {易仕和 and 赵玉新 and 何霖 and 张敏莉},
  Publisher                = {国防工业出版社},
  Year                     = {2013}
}

@Book{中国企业投资协会2013--,
  Title                    = {投资台湾:大陆企业赴台投资指南},
  Address                  = {北京},
  Author                   = {中国企业投资协会 and 台湾并购与私募股权协会 and 汇盈国际投资集团},
  Publisher                = {九州出版社},
  Year                     = {2013}
}

@Book{Poisel2013--,
  Title                    = {通信电子战原理},
  Address                  = {北京},
  Author                   = {Poisel, Richard A.},
  Edition                  = {2版},
  Pages                    = {23--26},
  Publisher                = {电子工业出版社},
  Translator               = {聂皞 and 王振华 and 陈少昌 and 吴利民},
  Url                      = {http://www.baidu.com},
  Urldate                  = {2013-08-01},
  Year                     = {2013},
  Month                    = {1}
}

@Book{阎毅2013--,
  Title                    = {软件无线电与认知无线电概论},
  Address                  = {北京},
  Author                   = {阎毅 and 贺鹏飞},
  Publisher                = {电子工业出版社},
  Year                     = {2013},
  Month                    = {1}
}

@Book{刘海洋2013--,
  Title                    = {LaTeX 入门},
  Address                  = {北京},
  Author                   = {刘海洋},
  Publisher                = {电子工业出版社},
  Year                     = {2013},
  Month                    = {6}
}

@Book{同济大学数学系2014--,
  Title                    = {高等数学},
  Address                  = {北京},
  Author                   = {同济大学数学系},
  Publisher                = {高等教育出版社},
  Year                     = {2014},
  Month                    = {7}
}

@Book{杨林2015--,
  Title                    = {面向对象软件工程与UML实践教程},
  Address                  = {北京},
  Author                   = {杨林 and 叶亚琴 and 方芳},
  Publisher                = {科学出版社},
  Year                     = {2015},
  Month                    = {1}
}

@Book{中华人民共和国国家质量监督检验检疫总局2015,
  Title                    = {中华人民共和国国家标准 GB/T 7714-2015 信息与文献 参考文献著录规则},
  Author                   = {中华人民共和国国家质量监督检验检疫总局 and 中国国家标准化管理委员会},
  Date                     = {2015-05-15},
  Note                     = {standard}
}

@Book{booknodate,
  Title                    = {出版集团研究},
  Author                   = {余敏},
  Pages                    = {179-193},
  Publisher                = {中国书籍出版社},
  Location                 = {北京}
}

@Book{booknopublishernoyear,
  Title                    = {出版集团研究},
  Author                   = {余敏},
  Location                 = {北京}
}

@Book{Parsons2000nodate--,
  Title                    = {The Mobile Radio Propagation Channel},
  Address                  = {Hoboken},
  Author                   = {Parsons, J. D.},
  Edition                  = {2},
  Publisher                = {John Wiley and Sons}
}

@Book{Parsons2000nopubnoyear--,
  Title                    = {The Mobile Radio Propagation Channel},
  Address                  = {Hoboken},
  Author                   = {Parsons, J. D.},
  Edition                  = {2}
}

@Book{standardinfoiso158,
  Title                    = {Information and documentation-the Dublin core metadata element set:ISO 15836:2009},
  Note                     = {standard},
  Url                      = {http://www.iso.org},
  Urldate                  = {2013-03-24}
}

@Book{鸟哥--,
  Title                    = {鸟哥的linux私房菜},
  Author                   = {鸟哥},
  Edition                  = {3},
  Publisher                = {人民邮电出版社}
}

@Book{IFLAI1977b--,
  Title                    = {Names of persons: national usages for entry in catalogues},
  Author                   = {{International Federation of Library Association and Institutions} and {FCC} and {FBI} and {CIA}},
  Edition                  = {3},
  Publisher                = {IFLA International Office for UBC},
  Year                     = {1977},
  Location                 = {London}
}

@Book{中国企业投资协会2014--,
  Title                    = {投资台湾:大陆企业赴台投资指南},
  Address                  = {北京},
  Author                   = {{中国企业投资协会} and 台湾并购与私募股权协会 and 汇盈国际投资集团 and 国际投资集团},
  Publisher                = {九州出版社},
  Year                     = {2014}
}

@Book{中国企业投资协会2015--,
  Title                    = {投资台湾:大陆企业赴台投资指南},
  Address                  = {北京},
  Author                   = {中国企业投资协会 and 台湾并购与私募股权协会 and 汇盈国际投资集团 and 国际投资集团},
  Publisher                = {九州出版社},
  Year                     = {2015}
}

@Book{booknopubitems,
  Title                    = {出版集团研究},
  Author                   = {余敏},
  Date                     = {2001},
  Pages                    = {50-63}
}
