
@Periodical{AAAS1883--,
  Title                    = {Science},
  Date                     = {1883},
  Editor                   = {{American Association for the Advancement of Science}},
  Number                   = {1},
  Volume                   = {1},
  Location                 = {Washington, D.C.},
  Publisher                = {American Association for the Advancement of Science}
}

@Periodical{中国地质学会1936--,
  Title                    = {地质评论},
  Date                     = {1936},
  Editor                   = {中国地质学会},
  Number                   = {1},
  Volume                   = {1},
  Location                 = {北京},
  Publisher                = {地质出版社}
}

@Periodical{中华医学会湖北分会1984----,
  title     = {临床内科杂志},
  year      = {1984},
  volume    = {1},
  number    = {1},
  address   = {武汉},
  author    = {中华医学会湖北分会},
  publisher = {中华医学会湖北分会},
}

@Periodical{中国图书馆学会1957--1990--,
  title     = {图书馆学通讯},
  year      = {1957/1990},
  number    = {1-4},
  address   = {北京},
  author    = {中国图书馆学会},
  publisher = {北京图书馆},
}

@Periodical{中国图书馆学会1957--,
  Title                    = {图书馆学通信},
  Address                  = {北京},
  Date                     = {1957/1990},
  Editor                   = {中国图书馆学会},
  Institution              = {北京图书馆},
  Number                   = {1-4}
}

@Periodical{中国图书馆学会1957a--,
  Title                    = {图书馆学通信},
  Date                     = {1957/1990},
  Editor                   = {中国图书馆学会},
  Institution              = {北京图书馆},
  Number                   = {1-4}
}

@Periodical{中国图书馆学会1957b--,
  Title                    = {图书馆学通信},
  Address                  = {北京},
  Date                     = {1957/1990},
  Editor                   = {中国图书馆学会},
  Number                   = {1-4}
}

@Periodical{中国图书馆学会1957c--,
  Title                    = {图书馆学通信},
  Date                     = {1957/1990},
  Editor                   = {中国图书馆学会},
  Number                   = {1-4}
}

@Periodical{AAAS1883----,
  title     = {Science},
  year      = {1883},
  volume    = {1},
  number    = {1},
  address   = {Washington, D.C.},
  author    = {{American Association for the Advancement of Science}},
  publisher = {American Association for the Advancement of Science},
}

@Periodical{中华医学会湖北分会1984--,
  Title                    = {临床内科杂志},
  Address                  = {武汉},
  Date                     = {1984},
  Editor                   = {中华医学会湖北分会},
  Institution              = {中华医学会湖北分会},
  Number                   = {1},
  Volume                   = {1}
}
