% Encoding: UTF-8


@Other{易仕和，2013,
  Entryset                 = {易仕和2013--,Yi2013--}
}

@book{李时珍--,
author={李时珍}
}

@book{乔纳斯--,
author={乔纳斯}
}

@Book{昂温1988--,
  Author                   = {昂温, S.},
}

@Book{GPS1988--,
  Title                    = {外国出版史},
  Author                   = {{昂温, G} and {昂温, P S}},
  Publisher                = {中国书籍出版社},
  Translator               = {陈生诤},
  Year                     = {1988},
  Location                 = {北京}
}

@Book{丸山敏秋--,
  Author                   = {丸山敏秋},
}

@Book{凯西尔--,
  Author                   = {凯西尔},
}

@book{Einstein--,
  author    = {Einstein, Albert}
}

@book{Williams-ellis--,
  author    = {Williams-ellis, Amabel}
}

@book{morgan--,
  author    = {De Morgan, Augustus}
}

@book{lijianning--a,
  author    = {{LI Jiangning}}
}

@book{lijianning--b,
  author    = {Li, Jiang Ning}
}

@book{钱学森--,
  author    = {钱学森 and 刘再复}
}

@book{李四光--,
  author    = {李四光 and 华罗庚 and 茅以升}
}

@book{印森林--,
  author    = {印森林 and 吴胜和 and 李俊飞 and 冯文杰}
}

@book{fordham--,
  author    = {Evenst W. Fordham and Amiad Ali and David A. Truner and John R. Charters}
}

@Article{anon1981-628,
  title   = {Coffee drinking and cancer of the pancreas},
  journal = {Br Med J},
  year    = {1981},
  volume  = {283},
  number  = {6292},
  pages   = {628}
}

@book{中国科学院物理研究所--,
  author    = {{中国科学院物理研究所}}
}

@book{贵州省土穰普查办公室--,
  author    = {{贵州省土穰普查办公室}}
}

@book{AmericanChemicalSociety--,
  author    = {{American Chemical Society}}
}


@book{StanfordUniversity--,
  author    = {{Stanford University. Department of Civil Eng ineering}}
}


@book{王夫之的诠释--,
  title  = {王夫之“乾坤并建”的诠释面向}
}

@book{张子正蒙注--,
  title  = {张子正蒙注}
}

@book{化学动力学和反应器原理--,
  title  = {化学动力学和反应器原理}
}

@book{袖珍神学--,
  title  = {袖珍神学，或，简明基督教词典}
}

@article{北京师范大学学报--,
  Journaltitle = {北京师范大学学报(自然科学版)}
}

@book{Gasesinsea--,
  title  = {Gases in sea ice 1975-1979}
}

@article{jmath--,
  Journaltitle = {J Math \& Phys}
}

@book{为人民服务--,
  title  = {为人民服务;纪念白求恩;愚公移山}
}

@book{编者1964--,
  title  = {为人民服务;纪念白求恩;愚公移山},
  address= {北京},
  publisher={人民出版社},
  date ={1964},
  pages= {1-3;7-11;31-35}
}

@book{大趋势--,
  title  = {大趋势}
}

@book{地壳运动--,
  title  = {地壳运动假说:从大陆漂移到板块构造}
}

@book{三松堂--,
  title  = {三松堂全集:第4卷}
}

@book{世界出版业--,
  title  = {世界出版业:美国卷}
}

@book{ECL集成电路--,
  title  = {ECL集成电路:原理与设计}
}

@book{中国科学技术史--,
  title  = {中国科学技术史:第2卷~~~~科学思想史}
}

@article{商鞅战秋菊--,
  title  = {商鞅战秋菊:法治转型的一个思想实验}
}

@article{中国科学--,
  title  = {中国科学:D辑~~~~地球科学}
}

@Standard{信息与文献--,
  title     = {信息与文献---都柏林核心元数据元素集:GB/T 25100—2010}
}

@Standard{全国信息与文献标准化技术委员会2010-2-3,
  author    = {全国信息与文献标准化技术委员会},
  title     = {信息与文献\ \ \ \ 都柏林核心元数据元素集: GB/T 25100—2010},
  year      = {2010},
  address   = {北京},
  pages     = {2--3},
  publisher = {中国标准出版社},
}

@report{中子反射--,
  title     = {中子反射数据分析技术:CNIC-01887}
}

@article{AsianPacificjournal--,
  Journaltitle  = {Asian Pacific journal of eancer prevention: e-only}
}


@book{egbookeda--,
  title  = {中文书},
  edition={3}
}

@book{egbookedb--,
  title  = {中文书},
  edition={新1版}
}

@book{egbookedc--,
  title  = {中文书},
  edition={明刻本}
}

@book{egbookedd--,
  title  = {english book},
  edition={5}
}

@book{egbookede--,
  title  = {english book},
  edition={Rev. ed.}
}

@book{egbookpuba--,
  title  = {中文书},
  date      = {2013},
  address   = {北京},
  publisher = {人民出版社},
}

@book{egbookpubb--,
  title  = {english book},
  date      = {2012},
  address   = {New York},
  publisher = {Academic Press},
}

@book{egbookpubaddressa--,
  title  = {english book},
  address   = {Cambridge, Eng.},
  publisher = {Academic Press},
}

@book{egbookpubaddressb--,
  title  = {english book},
  address   = {Cambridge, Mass.},
  publisher = {Academic Press},
}

@book{egbookpubaddressc--,
  title  = {中文书},
  date      = {2013},
  address   = {北京 and 上海},
  publisher = {科学出版社},
}

@book{egbookpubaddressd--,
  title  = {english book},
  date      = {2000},
  address   = {London and Boston  and Durban and Syngapore and Sydney and Toronto and Wellington},
  publisher = {Butterworths},
}

@book{egbookpubaddresse--,
  title  = {中文书},
  date      = {1990},
  publisher = {三户图书刊行社},
}

@book{egbookpubaddressf--,
  title  = {english book},
  date      = {1975},
  publisher = {MacMillan},
}

@online{egbookpubaddressg--,
  date      = {2011},
  pages ={105},
  url={http://lib.myilibrary.com/Open.aspx?id=312377},
  urldate={2014-06-16},
  publisher = {Open University Press},
}



@book{egbookpubpublishera--,
  title  = {中文书},
  address   = {北京},
  publisher = {中国标准出版社},
}

@book{egbookpubpublisherb--,
  title  = {english book},
  address   = {Cambridge},
  publisher = {Elsevier Science Publishers},
}

@book{egbookpubpublisherc--,
  title  = {english book},
  address   = {Cambridge},
  publisher = {IRRI},
}

@book{egbookpubpublisherd--,
  title  = {english book},
  address   = {Chicago},
  publisher = {ALA and CLA},
  date ={1978}
}

@book{egbookpubpublishere--,
  title  = {中文书},
  address   = {哈尔滨},
  date ={2013}
}

@book{egbookpubpublisherf--,
  title  = {english book},
  address   = {Salt Lake City},
  date ={1964}
}


@book{egbookpubdatea--,
  title  = {中文书},
  year ={1947(民国三十六年)}
}

@book{egbookpubdateb--,
  title  = {中文书},
  year ={1705(康熙四十四年)}
}

@newspaper{egbookpubdatec--,
  title  = {中文书},
  date ={2013-01-08}
}

@book{egbookpubdated--,
  title  = {中文书},
  year ={c1988}
}

@book{egbookpubdatee--,
  title  = {中文书},
  year ={1985印刷}
}

@book{egbookpubdatef--,
  title  = {中文书},
  year ={[1936]}
}


@online{egbookpubdateg--,
    title  = {english book},
  date = {2012-05-03},
  urldate={2013-11-12},
}

@Book{曹凌2011-19-,
  author     = {曹凌},
  title      = {中国佛教疑伪经综录},
  year       = {2011},
  publisher  = {上海古籍出版社},
  address    = {上海},
  pages      ={19}
}

@Book{钱学森2001--,
  author     = {钱学森},
  title      = {创建系统学},
  year       = {2001},
  publisher  = {山西科学技术出版社},
  address    = {太原},
  pages      ={序2-3}
}

@Book{冯友兰2008--,
  author     = {冯友兰},
  title      = {冯友兰自选集},
  year       = {2008},
  publisher  = {北京大学出版社},
  address    = {北京},
  edition    ={2},
  pages      ={第1版自序}
}

@inbook{李约瑟1991--,
  author     = {李约瑟},
  title      = {题词},
  bookauthor = {苏克福 and 管成学 and 邓明鲁},
  booktitle  = {苏颂与《本草图经》研究},
  year       = {1991},
  publisher  = {长春出版社},
  address    = {长春},
  pages      = {扉页}
}

@ARTICLE{DUBAR2013--,
  author       = {DUBAR, K L.  AND MITCHELL, D A.},
  title        = {Revealing nature's synthetic potential through the study of ribosomal natural product biosynthesis},
  Journaltitle = {ACS chemical biology},
  DATE         = {2013},
  VOLUME       = {8},
  pages        = {473-487},
  url          = {http://pubs.acs.org/doi/pdfplus/10.1021/cb3005325},
  urldate      = {2013-10-16}
}

@Book{周鲁卫2011--,
  author     = {周鲁卫},
  title      = {软物质物理导论},
  year       = {2011},
  publisher  = {复旦大学出版社},
  address    = {上海},
  pages      = {1}
}

@ARTICLE{常森2013--,
  author       = {常森},
  title        = {《五行》学说与《荀子》},
  Journaltitle = {北京大学学报(哲学社会科学版)},
  DATE         = {2013},
  VOLUME       = {50},
  number       = {1},
  pages        = {75},
}

@Book{RUDDOCK2009--,
  author     = {RUDDOCK, L.},
  title      = {Economics for the modern built environment},
  year       = {2009},
  publisher  = {Taylor & Francis},
  address    = {London},
  pages      = {12},
  url        = {http://lib.mylib.com},
  urldate    = {2010-06-15},
}

@book{kereanrefa,
  AUTHOR = {김세훈 and others},
  TITLE = { 도서판및특서진흥업 개정안 연구},
  DATE = {2003},
  address={서울},
  PAGES = {15},
  publisher = {한국운화관팡정책연구원},
}
%%김세훈, 외.   도서판및특서진흥업 개정안 연구〔M〕, 서울; 한국운화관팡정책연구원,2003: 15.


@book{kereanrefb,
  AUTHOR = {이냉목 },
  TITLE = { 도서관꺾규총람: 세 1 권},
  DATE = {2005},
  address={서울},
  PAGES = {67-68},
  publisher = {구미무역 출판부},
}
%%이냉목     도서관꺾규총람: 세 1 권[M〕. 서울: 구미무역 출판부,2005: 67-68.
%%

@Book{李炳穆2005--,
  author     = {李炳穆},
  title      = {图书馆法柜总览:第1卷},
  year       = {2005},
  publisher  = {九美贸易出版部},
  address    = {首尔},
  pages      = {67-68}
}


@article{kereanrefc,
  DATE = {2007},
  volume={48},
  number={7},
  PAGES = {11-12},
  journaltitle={ 圖書館文化},
  TITLE = {도서관 정보정책위원회 설립식 및 도서관 정보정책기획단신성},
}
%%도서관 정보정책위원회 설립식 및 도서관 정보정책기획단신성.  圖書館文化,2007 ,48(7): 11-12.

@ARTICLE{图书馆信息政策委员会2007--,
  title        = {图书馆信息政策委员会成立仪式与图书馆信息政策规划团},
  Journaltitle = {图书馆文化},
  DATE         = {2007},
  VOLUME       = {48},
  number       = {7},
  pages        = {11-12},
}

@book{japaneserefc,
  AUTHOR = {図書館用語辞典編集委員会},
  TITLE = { 最新図書館用語大辞典},
  DATE = {2004},
  address={東京},
  PAGES = {154},
  publisher = {柏書房株式会社},
}
%%
%%図書館用語辞典編集委員会．最新図書館用語大辞典[M］.東京：柏書房株式会社，2004:154.
%%

@article{russianrefc,
 author={Кочекоs, А Я},
  TITLE = {Молибден-медно-эолотопорфиооое месторождение Рябиноосе}, 
  DATE = {1993},
  number={7},
  PAGES = {50-58},
  journaltitle={ Отечестsенная гелогия}
}
%%Кочекоs А Я. Молибден-медно-эолотопорфиооое месторождение Рябиноосе[J/ОL]. ,1993(7):50-58

@ARTICLE{熊平2005--,
  author       = {熊平 and 吴颉},
  title        = {从交易费用的角度谈如何构建药品流通的良性机制},
  Journaltitle = {中国物价},
  DATE         = {2005},
  number       = {8},
  pages        = {42-45},
}

@ARTICLE{xiong2005--,
  author       = {Xiong, Ping and Wu, Xie},
  title        = {Discussion on how to construct benign medicine circulantion mechanism fromtranaction cosperspective},
  Journaltitle = {China price},
  DATE         = {2005},
  number       = {8},
  pages        = {42-45},
}

@ARTICLE{上海市食品药品监督管理局课题组2008--,
  author       = {上海市食品药品监督管理局课题组},
  title        = {互联网药品经营现状和监管机制的研究},
  Journaltitle = {上海食品药品监管情报研究},
  DATE         = {2008},
  number       = {1},
  pages        = {8-11},
}

@ARTICLE{Rgsfda2008--,
  author       = {{Research Group of Shanghai Food and Drug Administration}},
  title        = {A study on online pharmaceutical operating situation and supervision mechanism},
  Journaltitle = {Shanghai food and drug information research},
  DATE         = {2008},
  number       = {1},
  pages        = {8-11},
}


@PhdThesis{刘乃安2000-17-18,
  author  = {刘乃安},
  title   = {生物质材料热解失重动力学及其分析方法研究},
  year    = {2000},
  pages   = {17--18},
  doi     = {10.7666/d.y351065},
  url     = {http://wenku.baidu.com/link?url=GJDJxb4lxBUXnIPmq1XoEGSIr1H8TMLbidW_LjlYu33tpt707u62rKliypU_FBGUmox7ovPNaVIVBALAMd5yfwuKUUOAGYuB7cuZ-BYEhXa},
  urldate = {2014-08-29},
  address = {安徽},
  school  = {中国科学技术大学},
}

@book{Deverell2013-21-22,
  author  = {Deverell, William and Igler, David},
  title   = {A Companion to {California} History},
  year    = {2013},
  date    = {2013-11-15},
  pages   = {21--22},
  doi     = {10.1002/9781444305036.ch2},
  url     = {http://onlinelibrary.wiley.com/doi/10.1002/9781444305036.ch2/summary},
  urldate = {2014-06-24},
  address = {New York},
  school  = {John Wiley \& Sons},
}

@inbook{姚中秋2009--,
  author     = {姚中秋},
  title      = {作为一种制度变迁模式的“转型”},
  bookauthor = {罗卫东 and 姚中秋},
  booktitle =  {中国转型的理论分析:奥地利学派的视角},
  year       = {2009},
  publisher  = {浙江大学出版社},
  address    = {杭州},
  pages      = {44}
}

@inbook{姚中秋2008--,
  author     = {姚中秋},
  title      = {一种制度变迁模式},
  bookauthor = {罗, 卫东 and 姚, 中秋},
  booktitle =  {中国转型的理论分析},
  year       = {2008},
  publisher  = {浙江大学出版社},
  address    = {杭州},
  pages      = {44}
}


@ARTICLE{关立哲2014--,
  author       = {关立哲 and 韩纪富 and 张晨延},
  title        = {科技期刊编辑审读中要注重比较思维的科学运用},
  Journaltitle = {编辑学报},
  DATE         = {2014},
  VOLUME       = {26},
  number       = {2},
  pages        = {144-146}
}

@ARTICLE{TENOPIR1987--,
  author       = {TENOPIR, C.},
  title        = {Online databases, quality control},
  Journaltitle = {Library journal},
  DATE         = {1987},
  VOLUME       = {113},
  number       = {2},
  pages        = {124-125}
}

@ARTICLE{egdatevolnumpagea--,
  title        = {article of journal},
  DATE         = {2001},
  VOLUME       = {1},
  number       = {1},
  pages        = {5-6}
}

@ARTICLE{egdatevolnumpageb--,
  title        = {article of journal},
  DATE         = {2014},
  VOLUME       = {510},
  pages        = {356-363}
}

@ARTICLE{egdatevolnumpagec--,
  title        = {article of journal},
  DATE         = {2010},
  number       = {6},
  pages        = {23}
}

@ARTICLE{egdatevolnumpaged--,
  title        = {article of journal},
  DATE         = {2012},
  VOLUME       = {22},
  number       = {增刊2},
  pages        = {81-86}
}

@ARTICLE{egdatevolnumpagee--,
  title        = {article of journal},
  DATE         = {2001},
  number       = {9/10},
  pages        = {36-39}
}

@ARTICLE{egdatevolnumpagef--,
  title        = {article of journal},
  year         = {2011, 33(2):20-25;2011, 33(3):26-30},
}

@newspaper{egdatevolnumpageg--,
  title        = {article of journal},
  date         = {2013-03-16},
  number       = {1}
}


@Book{尼葛洛庞帝1996--,
  author     = {尼葛洛庞帝},
  title      = {数字化生存},
  year       = {1996},
  translator = {胡泳 and 范海燕},
  publisher  = {海南出版社},
  address    = {海口},
}

@Book{汪冰1997-16-16,
  author    = {汪冰},
  title     = {电子图书馆理论与实践研究},
  year      = {1997},
  publisher = {北京图书馆出版社},
  pages     = {16},
  address   = {北京},
}

@Article{杨宗英1996-24-29,
  author  = {杨宗英},
  title   = {电子图书馆的现实模型},
  journal = {中国图书馆学报},
  year    = {1996},
  number  = {2},
  pages   = {24--29},
}

@Book{Baker1995--,
  author    = {Baker, S K and Jackson, M E},
  title     = {The future of resource sharing},
  year      = {1995},
  publisher = {The Haworth Press},
  address   = {New York},
}

@Book{Chernik1982--,
  author    = {Chernik, B E},
  title     = {Introduction to library services for library technicians},
  year      = {1982},
  publisher = {Libraries Unlimited, Inc.},
  address   = {Littleton, Colo.},
}


@Article{Dowler1995-5-26,
  author  = {Dowler, L},
  title   = {The research university’s dilemma: resource sharing and research in a transinstitutional environment},
  journal = {Journal of library administration},
  year    = {1995},
  volume  = {21},
  number  = {1/2},
  pages   = {5--26},
}


@Inproceedings{ref-replace-char,
  Title                    = {Cognitive Radio and Cooperative Strategies for Power Saving in Multi-Standard Wireless Devices},
  Address                  = {Florence, Italy},
  Author                   = {Rodriguez, J. and P. Marques and A. Radwan and K. Moessner and R. Tafazolli and others},
  Booktitle                = {Future % Network \& Mobile # Summit 2010},
  Date                     = {June 2010}
}

@Online{olnoauthorcn,
  Title                    = {如何在LaTeX写作中管理参考文献?},
  Date                     = {2016-08-12},
  Url                      = {http://www.latexstudio.net/archives/7131}
}

@Online{Allianceurlonly,
  Url                      = {www.wimedia.org}
}

@Online{olnoauthoren,
  Title                    = {Dublin Core metadata element set: version 1.1},
  Url                      = {http://dublincore.org},
  Urldate                  = {2014-06-11},
  Year                     = {2012-06-14}
}

@Article{王临慧2010-147,
  author  = {王临慧 and others},
  title   = {天津方言的源流关系刍议},
  journal = {山西师范大学学报(社会科学版)},
  year    = {2010},
  volume  = {37},
  number  = {4},
  pages   = {147},
}


@InProceedings{王临慧2010-138,
  author    = {王临慧},
  title     = {从几组声母的演变看天津方言形成的自然条件和历史条件},
  bookauthor= {曹志耘},
  booktitle = {汉语方言的地理语言学研究：首届中国地理语言学国际学术研讨会论文集},
  year      = {2010},
  publisher = {北京语言大学出版社},
  pages     = {138},
  address   = {北京},
}

@Book{王夫之1845--,
  Title                    = {宋论},
  Author                   = {王夫之},
  Edition                  = {刻本},
  Publisher                = {曾氏},
  Year                     = {1845(清同治四年)},
  Location                 = {金陵}
}

@Book{汪昂1881--,
  Title                    = {增订本草备要:四卷},
  Address                  = {京都},
  Author                   = {汪昂},
  Edition                  = {刻本},
  Publisher                = {老二酉堂},
  Year                     = {1881(清光绪七年)},
  Location                 = {京都}
}

@Periodical{AAAS1883--,
  Title                    = {Science},
  Date                     = {1883},
  Editor                   = {{American Association for the Advancement of Science}},
  Number                   = {1},
  Volume                   = {1},
  Location                 = {Washington, D.C.},
  Publisher                = {American Association for the Advancement of Science}
}

@Book{汪昂1912--,
  Title                    = {(增补)本草备要},
  Author                   = {汪昂},
  Edition                  = {石印本},
  Publisher                = {同文书局},
  Year                     = {1912},
  Location                 = {上海}
}

@Periodical{中国地质学会1936--,
  Title                    = {地质评论},
  Date                     = {1936},
  Editor                   = {中国地质学会},
  Number                   = {1},
  Volume                   = {1},
  Location                 = {北京},
  Publisher                = {地质出版社}
}


@Book{1962-50-50,
  Title                    = {康熙字典:已集上:水部},
  Address                  = {北京},
  Edition                  = {同文书局影印本},
  Pages                    = {50},
  Publisher                = {中华书局},
  Year                     = {1962}
}

@Proceedings{ROSENTHALL1963--,
  Title                    = {Proceedings of the Fifth Canadian Mathematical Congress, University of Montreal, 1961},
  Date                     = {1963},
  Publisher                = {University of Toronto Press},
  Editor                   = {E M ROSENTHALL},
  Location                 = {Toronto}
}

@Thesis{CALMS1965--,
  Title                    = {Infrared spectroscopic studies on solid oxygen},
  Author                   = {R B CALMS},
  Date                     = {1965},
  Institution              = {Univ. of California},
  Location                 = {Berkeley}
}

@Report{WHO1970--,
  Title                    = {Factors regulating the immune response},
  Author                   = {{World Health Organization}},
  Date                     = {1970},
  Institution              = {WHO},
  Location                 = {Geneva},
  Titleaddon               = {report of WHO Scientific Group}
}

@Inproceedings{FOURNEY1971-17-38,
  Title                    = {Advances in holographic photoelasticity},
  Author                   = {M E FOURNEY},
  Booktitle                = {Symposium on Applications of Holography in Mechanics, August 23-25, 1971, University of Southern California, Los Angeles, California},
  year                     = {c1971},
  Pages                    = {17-38},
  Publisher                = {ASME},
  Location                 = {New York}
}

@Inproceedings{FOURNEY1971-17-38a,
  Title                    = {Advances in holographic photoelasticity},
  Author                   = {M E FOURNEY},
  Bookauthor               = {{American Society of Mechanical Engineers.Applied Mechanics Division}},
  Booktitle                = {Symposium on Applications of Holography in Mechanics, August 23-25, 1971. University of Southern California, Los Angeles, California},
  Date                     = {1971},
  Pages                    = {17-38},
  Publisher                = {ASME},
  Location                 = {New York}
}

@TechReport{Humphrey1971--,
  Title                    = {The sonic throat method and real gas one-dimensional flow: an application to air and nitrogen},
  Author                   = {Humphrey, Richard L. and Wagner, Jerry L.},
  Year                     = {1971},
  Number                   = {730029},
  Type                     = {AD}
}

@Book{CRANE1972--,
  Title                    = {Invisible college},
  Author                   = {D. Crane},
  Date                     = {1972},
  Publisher                = {Univ. of Chicago Press},
  Location                 = {Chicago}
}



@Article{KENNEDY1975-311-386,
  Title                    = {Morphology and genesis of nodular chalks and hardgrounds in the Upper
 Cretacesous of southern England},
  Author                   = {W. J. KENNEDY and R. E. GARRISON},
  Date                     = {1975},
  Journaltitle             = {Sedimentology},
  Pages                    = {311-386},
  Volume                   = {22}
}

@Article{KENNEDY1975-339-360,
  Title                    = {Morphology and genesis of nodular phosphates in the cenomanian of South-east England},
  Author                   = {W. J. KENNEDY and R. E. GARRISON},
  Date                     = {1975},
  Journaltitle             = {Lethaia},
  Pages                    = {339-360},
  Volume                   = {8}
}

@Inbook{1977-49-49,
  Title                    = {宋史卷三:本纪第三},
  Address                  = {北京},
  Booktitle                = {宋史:第1册},
  Pages                    = {49},
  Publisher                = {中华书局},
  Year                     = {1977}
}

@Book{IFLAI1977--,
  Title                    = {Names of persons: national usages for entry in catalogues},
  Author                   = {{International Federation of Library Association and Institutions}},
  Edition                  = {3},
  Publisher                = {IFLA International Office for UBC},
  Year                     = {1977},
  Location                 = {London}
}


@InProceedings{张忠智1997-33-34,
  author    = {张忠智},
  title     = {科技书刊的总编(主编)的角色要求},
  booktitle = {中国科学技术期刊编辑学会建会十周年学术研讨会论文汇编},
  year      = {1997},
  editor    = {中国科学技术期刊编辑学会},
  publisher = {中国科学技术期刊编辑学会学术委员会},
  pages     = {33--34},
  address   = {北京},
}

@Book{中国社会科学院语言研究所词典编辑室1996--,
  author    = {中国社会科学院语言研究所词典编辑室},
  title     = {现代汉语词典},
  year      = {1996},
  edition   = {修订本},
  publisher = {商务印书馆},
  address   = {北京},
}


@Article{刘彻东1998-38-39,
  Title                    = {中国的青年刊物},
  Author                   = {刘彻东},
  Date                     = {1998},
  Journaltitle             = {中国出版},
  Number                   = {5},
  Pages                    = {38-39},
  Titleaddon               = {个性特色为本}
}

@InProceedings{裴丽生1981-2-10,
  author    = {裴丽生},
  title     = {在中国科协学术期刊编辑工作经验交流会上的讲话},
  booktitle = {中国科协学术期刊编辑工作经验交流会资料选},
  year      = {1981},
  editor    = {中国科学技术协会},
  publisher = {中国科学技术协会学会工作部},
  pages     = {2--10},
  address   = {北京},
}


@Article{亚洲地质图编目组1978-194-208,
  Title                    = {亚洲地层与地质历史概述},
  Author                   = {亚洲地质图编目组},
  Date                     = {1978},
  Journaltitle             = {地质学报},
  Pages                    = {194-208},
  Volume                   = {3}
}

@Inbook{BUSECK1980-117-211,
  Title                    = {Subsolidus phenomena in pyroxenes},
  Author                   = {P R BUSECK and NORD, Jr., G L and D R VEBLEN},
  Bookauthor               = {CT PREWITT},
  Booktitle                = {Pyroxense},
  year                     = {c1980},
  Pages                    = {117-211},
  Publisher                = {Mineralogical Society of America},
  Location                 = {Washington, D.C.}
}

@Inbook{陈晋镳1980-56-114,
  Title                    = {蓟县震旦亚界研究},
  Author                   = {陈晋镳 and 张惠民 and 朱士兴 and others},
  Bookauthor               = {中国地质科学院天津地质矿产研究所},
  Booktitle                = {中国震旦亚界},
  Pages                    = {56-114},
  Publisher                = {天津科学出版社},
  Location                 = {天津},
  Year                     = {1980}
}

@Article{Sunstein1996-903-903,
  author  = {Sunstein, Cass R.},
  title   = {Social Norms and Social Roles},
  journal = {Columbia law review},
  year    = {1996},
  volume  = {96},
  pages   = {903},
  url     = {http://www.heinonline.org/HOL/Page?handle=hein.journals/clr96&id=913&collection=journals&index=journals/clr},
  urldate = {2012-01-26},
}

@Book{罗杰斯2011-15-16,
  author     = {罗杰斯},
  title      = {西方文明史: 问题与源头},
  year       = {2011},
  translator = {潘惠霞 and 魏婧 and 杨艳 and others},
  publisher  = {东北财经大学出版社},
  pages      = {15--16},
  address    = {大连},
}

@Book{陈登原2000-29-29,
  author    = {陈登原},
  title     = {国史旧闻: 第1卷},
  year      = {2000},
  publisher = {中华书局},
  pages     = {29},
  address   = {北京},
}

@Book{哈里森沃尔德伦2012-235-236,
  author     = {哈里森·沃尔德伦},
  title      = {经济数学与金融数学},
  year       = {2012},
  translator = {谢远涛},
  publisher  = {中国人民大学出版社},
  pages      = {235--236},
  address    = {北京},
}

@Book{北京市政协民族和宗教委员会2012-112-112,
  author    = {北京市政协民族和宗教委员会 and 北京联合大学民族与宗教研究所},
  title     = {历代王朝与民族宗教},
  year      = {2012},
  publisher = {民族出版社},
  pages     = {112},
  address   = {北京},
}


@Book{徐光宪2010--,
  author    = {徐光宪 and 王祥云},
  title     = {物质结构},
  year      = {2010},
  publisher = {科学出版社},
  address   = {北京},
}

@Book{顾炎武1992--,
  author    = {顾炎武},
  title     = {昌平山水记：京东考古录},
  year      = {1992},
  publisher = {北京古籍出版社},
  address   = {北京},
}

@Book{王夫之1865--,
  author    = {王夫之},
  title     = {宋论},
  year      = {1865(清同治四年)},
  edition   = {刻本},
  publisher = {湘乡曾国荃},
  address   = {金陵},
}

@Proceedings{牛志明2012--,
  title     = {综合湿地管理国际研讨会论文集},
  year      = {2012},
  editor    = {牛志明 and 斯温兰德 and 雷光春},
  publisher = {海洋出版社},
  address   = {北京},
}

@Archive{中国第一历史档案馆2001--,
  author    = {中国第一历史档案馆 and 辽宁省档案馆},
  title     = {中国明朝档案总汇},
  year      = {2001},
  address   = {桂林},
  publisher = {广西师范大学出版社},
}

@PhdThesis{杨保军2012--,
  author    = {杨保军},
  title     = {新闻道德论},
  year      = {2010},
  url       = {http://apabi.lib.pku.edu.cn/usp/pku/pub.mvc?pid=book.detail&metaid=m.20101104-BPO-889-1023&cult=CN},
  urldate   = {2012-11-01},
  address   = {北京},
  publisher = {中国人民大学出版社},
}

@Book{赵学功2001--,
  author    = {赵学功},
  title     = {当代美国外交},
  year      = {2001},
  publisher = {社会科学文献出版社},
  url       = {http://www.cadal.zju.edu.cn/book/trySinglePage/33023884/1},
  urldate   = {2014-06-11},
  address   = {北京},
}

@Book{同济大学土木工程防灾国家重点实验室2011-5-6,
  author    = {同济大学土木工程防灾国家重点实验室},
  title     = {汶川地震灾害研究},
  year      = {2011},
  publisher = {同济大学出版社},
  pages     = {5--6},
  url       = {http://apabi.lib.pku.edu.cn/usp/pku/pub.mvc?pid=book.detail&metaid=m.20120406-YPT-889-0010},
  urldate   = {2013-05-09},
  address   = {上海},
}

@Book{中国造纸学会2003--,
  author    = {中国造纸学会},
  title     = {中国造纸年鉴: 2003},
  year      = {2003},
  publisher = {中国轻工业出版社},
  url       = {http://www.cadal.zju.edu.cn/book/view/25010080},
  urldate   = {2014-04-25},
  address   = {北京},
}


@Proceedings{Yufin2000--,
  title     = {Geoecology and computers: proceedings of the {Third International Conference on Advances of Computer Methods in Geotechnical and Geoenvironmental Engineering, Moscow, Russia, February 1--4, 2000}},
  year      = {2000},
  editor    = {Yufin, Sergey A},
  publisher = {A. A. Balkema},
  address   = {Rotterdam},
}

@Book{Baldock2011-105-105,
  author    = {Baldock, Peter},
  title     = {Developing early childhood services: past, present and future},
  year      = {2011},
  publisher = {Open University Press},
  pages     = {105},
  url       = {http://lib.myilibrary.com/Open.aspx?id=312377},
  urldate   = {2012-11-27},
}

@Book{Fan2013-25-26,
  author    = {Fan, Xuetong and Sommers, Christopher H.},
  title     = {Food irradiation research and technology},
  year      = {2013},
  edition   = {2},
  publisher = {Blackwell Publishing},
  pages     = {25--26},
  url       = {http://onlinelibrary.wiley.com/doi/10.1002/9781118422557.ch2/summary},
  urldate   = {2014-06-26},
  address   = {Ames, Iowa},
}


@Inbook{王夫之2011-1109-1109,
  title     = {周易外传：卷 5},
  booktitle = {船山全书},
  year      = {2011},
  editor    = {王夫之},
  number    = {6},
  publisher = {岳麓书社},
  pages     = {1109},
  address   = {长沙},
}

@Inbook{程根伟1999-32-36,
  author    = {程根伟},
  title     = {1998 年长江洪水的成因与减灾对策},
  booktitle = {长江流域洪涝灾害与科技对策},
  year      = {1999},
  editor    = {许厚泽 and 赵其国},
  publisher = {科学出版社},
  pages     = {32--36},
  address   = {北京},
}

@Inbook{陈晋镳1980-56-114a,
  author    = {陈晋镳 and 张惠民 and 朱士兴 and 赵震 and 王振刚},
  title     = {蓟县震旦亚界研究},
  booktitle = {中国震旦亚界},
  year      = {1980},
  editor    = {中国地质科学院天津地质矿产研究所},
  publisher = {天津科学技术出版社},
  pages     = {56--114},
  address   = {天津},
}

@Inbook{马克思2013-302-302,
  author    = {马克思},
  title     = {政治经济学批判},
  booktitle = {马克思恩格斯全集},
  year      = {2013},
  editor    = {马克思 and 恩格斯},
  volume    = {35},
  publisher = {人民出版社},
  pages     = {302},
  address   = {北京},
}





@InProceedings{贾东琴2011-45-52,
  author    = {贾东琴 and 柯平},
  title     = {面向数字素养的高校图书馆数字服务体系研究},
  booktitle = {中国图书馆学会年会论文集: 2011年卷},
  year      = {2011},
  editor    = {中国图书馆学会},
  publisher = {国家图书馆出版社},
  pages     = {45--52},
  address   = {北京},
}

@Inbook{Weinstein1974-745-772,
  author    = {Weinstein, L and Swertz, M N},
  title     = {Pathogenic properties of invading microorganism},
  booktitle = {Pathologic physiology: mechanisms of disease},
  year      = {1974},
  editor    = {Sodeman, Jr., William A and Sodeman, William A},
  publisher = {Saunders},
  pages     = {745--772},
  address   = {Philadelphia},
}

@InBOOK{Roberson2011-1-36,
  author    = {Roberson, J. Alan and Burneson, Eric G.},
  title     = {Drinking water standards, regulations and goals},
  booktitle = {Water quality \& treatment: a handbook on drinking water},
  year      = {2011},
  editor    = {{American Water Works Association}},
  edition   = {6},
  publisher = {McGraw-Hill},
  pages     = {1.1--1.36},
  url       = {http://lib.myilibrary.com/Open.aspx?id=291430},
  urldate   = {2012-12-10},
  address   = {New York},
}

@Periodical{中华医学会湖北分会1984----,
  title     = {临床内科杂志},
  year      = {1984},
  volume    = {1},
  number    = {1},
  address   = {武汉},
  author    = {中华医学会湖北分会},
  publisher = {中华医学会湖北分会},
}

@Periodical{中国图书馆学会1957--1990--,
  title     = {图书馆学通讯},
  year      = {1957/1990},
  number    = {1-4},
  address   = {北京},
  author    = {中国图书馆学会},
  publisher = {北京图书馆},
}

@Periodical{中国图书馆学会1957--,
  Title                    = {图书馆学通信},
  Address                  = {北京},
  Date                     = {1957/1990},
  Editor                   = {中国图书馆学会},
  Institution              = {北京图书馆},
  Number                   = {1-4}
}

@Periodical{中国图书馆学会1957a--,
  Title                    = {图书馆学通信},
  Date                     = {1957/1990},
  Editor                   = {中国图书馆学会},
  Institution              = {北京图书馆},
  Number                   = {1-4}
}

@Periodical{中国图书馆学会1957b--,
  Title                    = {图书馆学通信},
  Address                  = {北京},
  Date                     = {1957/1990},
  Editor                   = {中国图书馆学会},
  Number                   = {1-4}
}

@Periodical{中国图书馆学会1957c--,
  Title                    = {图书馆学通信},
  Date                     = {1957/1990},
  Editor                   = {中国图书馆学会},
  Number                   = {1-4}
}

@Periodical{AAAS1883----,
  title     = {Science},
  year      = {1883},
  volume    = {1},
  number    = {1},
  address   = {Washington, D.C.},
  author    = {{American Association for the Advancement of Science}},
  publisher = {American Association for the Advancement of Science},
}


@Article{袁训来2012-3219-3219,
  author  = {袁训来 and 陈哲 and 肖书海 and others},
  title   = {蓝田生物群: 一个认识多细胞生物起源和早期演化的新窗口},
  journal = {科学通报},
  year    = {2012},
  volume  = {55},
  number  = {34},
  pages   = {3219},
}

@Newspaper{余建斌2013--,
  author  = {余建斌},
  date    = {2013-01-12},
  journal = {人民日报},
  number  = {2},
  title   = {我们的科技一直在追赶: 访中国工程院院长周济},
  url     = {http://paper.people.com.cn/rmrb/html/2013-01/12/nw.D110000renmrb_20130112_5-02.htm},
  urldate = {2013-03-20},
  year    = {2013},
}

@Article{李炳穆2008-6-12,
  author  = {李炳穆},
  title   = {韩国图书馆法},
  journal = {图书情报工作},
  year    = {2008},
  volume  = {52},
  number  = {6},
  pages   = {6--12},
  url     = {http://www.docin.com/p-400265742.html},
  urldate = {2013-10-25},
}

@Article{李幼平2010-225-228,
  author  = {李幼平 and 王莉},
  title   = {循证医学研究方法: 附视频},
  journal = {中华移植杂志(电子版)},
  year    = {2010},
  volume  = {4},
  number  = {3},
  pages   = {225--228},
  url     = {http://www.cqvip.com/Read/Read.aspx?id=36658332},
  urldate = {2014-06-09},
}

@Article{武丽丽2008-8-9,
  author  = {武丽丽 and 华一新 and 张亚军 and others},
  title   = {“北斗一号”监控管理网设计与实现},
  journal = {测绘科学},
  year    = {2008},
  volume  = {33},
  number  = {5},
  pages   = {8--9},
  doi     = {10.3771/j.issn.1009-2307.2008.05.002},
  url     = {http://vip.calis.edu.cn/CSTJ/Sear.dll?OPAC_CreateDetail},
  urldate = {2009-10-25},
}

@Article{Kanamori1998-2063-2063,
  author  = {Kanamori, H},
  title   = {Shaking without quaking},
  journal = {Science},
  year    = {1998},
  volume  = {279},
  number  = {5359},
  pages   = {2063},
}

@Article{Caplan1993-61-66,
  author  = {Caplan, P},
  title   = {Cataloging internet resources},
  journal = {The public access computer systems review},
  year    = {1993},
  volume  = {4},
  number  = {2},
  pages   = {61--66},
}

@Article{Frese2013-378-398,
  author  = {Frese, Karen S. and Katus, Hugo A. and Meder, Benjamin},
  title   = {Next-generation sequencing: from understanding biology to personalized medicine},
  journal = {Biology},
  year    = {2013},
  volume  = {2},
  number  = {1},
  pages   = {378--398},
  doi     = {10.3390/biology2010378},
  url     = {http://www.mdpi.com/2079-7737/2/1/378},
  urldate = {2013-03-19},
}

@Article{Myburg2014-356-362,
  author  = {Myburg, Alexander A. and Grattapaglia, Dario and Tuskan, Gerald A. and others},
  title   = {The genome of Eucalyptus grandis},
  journal = {Nature},
  year    = {2014},
  date    = {2014-06-19},
  volume  = {510},
  pages   = {356--362},
  doi     = {10.1038/nature13308},
  url     = {http://www.nature.com/nature/journal/v510/n7505/pdf/nature13308.pdf},
  urldate = {2014-06-25},
}

@Patent{邓一刚2006--,
  author = {邓一刚},
  title  = {全智能节电器},
  number = {200610171314.3},
  year   = {2006},
  date   = {2006-12-13},
}

@Patent{西安电子科技大学2002--,
  author  = {西安电子科技大学},
  title   = {光折变自适应光外差探测方法},
  number  = {01128777.2},
  year    = {2002},
  date    = {2002-03-06},
  url     = {http://211.152.9.47/sipoasp/zljs/hyjs-yx-new.asp?recid=01128777.2&leixin=0},
  urldate = {2002-05-28},
}

@Patent{Tachibana2005--,
  author  = {Tachibana, Ryuki and Shimizu, Shuhichi and Kobayshi, Seiji and Nakamura, Taiga},
  title   = {Electronic watermarking method and system},
  number  = {US6915001},
  year    = {2005},
  date    = {2005-07-05},
  url     = {http://www.google.co.in/patents/US6915001},
  urldate = {2013-11-11},
}

@TechReport{中国互联网络信息中心2012--,
  author  = {中国互联网络信息中心},
  title   = {第 29 次中国互联网络发展现状统计报告},
  year    = {2012},
  date    = {2012-01-16},
  url     = {http://www.cnnic.net.cn/hlwfzyj/hlwxzbg/201201/P020120709345264469680},
  urldate = {2013-03-26},
}

@Archive{北京市人民政府办公厅2005--,
  author  = {北京市人民政府办公厅},
  title   = {关于转发北京市企业投资项目核准暂行实施办法的通知: 京政办发[2005]37号},
  year    = {2005},
  date    = {2005-07-12},
  url     = {http://china.findlaw.cn/fagui/p_1/39934.html},
  urldate = {2011-07-12},
}

@Online{Bawden2008--,
  author  = {Bawden, D},
  title   = {Origins and Concepts of Digital Literacy},
  date    = {2008-05-04},
  url     = {http://www.soi.city.ac.uk/~dbawden/digital%20literacy%20chapter.pdf},
  urldate = {2013-03-08},
  year    = {2008},
}

@Online{OCLC--,
  author  = {{Online Computer Library Center, Inc}},
  title   = {About {OCLC}: History of Cooperation},
  url     = {http://www.oclc.org/about/cooperation.en.html},
  urldate = {2012-03-27},
}

@Online{Hopkinson2009--,
  author  = {Hopkinson, A},
  title   = {{UNIMARC} and Metadata: Dublin Core},
  date    = {2009-04-22},
  url     = {http://archive.ifla.org/IV/ifla64/138-161e.htm},
  urldate = {2013-03-27},
  year    = {2009},
}

@PhdThesis{刘乃安2000-17-18a,
  author  = {刘乃安},
  title   = {生物质材料热解失重动力学及其分析方法研究},
  year    = {2000},
  pages   = {17--18},
  doi     = {10.7666/d.y351065},
  url     = {http://wenku.baidu.com/link?url=GJDJxb4lxBUXnIPmq1XoEGSIr1H8TMLbidW_LjlYu33tpt707u62rKliypU_FBGUmox7ovPNaVIVBALAMd5yfwuKUUOAGYuB7cuZ-BYEhXa},
  urldate = {2014-08-29},
  address = {安徽},
  school  = {中国科学技术大学},
}

@PhdThesis{Deverell2013-21-22a,
  author  = {Deverell, William and Igler, David},
  title   = {A Companion to {California} History},
  year    = {2013},
  date    = {2013-11-15},
  pages   = {21--22},
  doi     = {10.1002/9781444305036.ch2},
  url     = {http://onlinelibrary.wiley.com/doi/10.1002/9781444305036.ch2/summary},
  urldate = {2014-06-24},
  address = {New York},
  school  = {John Wiley \& Sons},
}

@Book{Morri2010--,
  author    = {Morri, I},
  title     = {Why the West Rules for Now: the Patterns of History, and What They Reveal about the Future},
  year      = {2010},
  publisher = {{Farrar, Straus and Giroux}},
  address   = {New York},
}


@Article{STIEG1981-549-560,
  Title                    = {The information needs of historians},
  Author                   = {M. F. STIEG},
  Date                     = {1981},
  Journaltitle             = {College and Research Libraries},
  Number                   = {6},
  Pages                    = {549-560},
  Volume                   = {42}
}



@Article{Milstein1982-436-446,
  Title                    = {The effect of multiple-tone interfering signals on a direct sequence spread spectrum communication system},
  Author                   = {Milstein, L. B. and Davidovici,S. and Schilling,D. L.},
  Journal                  = {IEEE Trans. Commun.},
  Number                   = {3},
  Pages                    = {436-446},
  Volume                   = {30},
  Year                     = {1982}
}

@Book{顾炎武1982--,
  Title                    = {昌平山水记},
  Author                   = {顾炎武},
  Publisher                = {北京古籍出版社},
  Year                     = {1982},
  Location                 = {北京},
  Titleaddon               = {东京考古录}
}

@Inbook{马克思1982-505-505,
  Title                    = {关于《工资、价格和利润》的报告札记},
  Author                   = {马克思},
  Bookauthor               = {马克思 and 恩格斯},
  Booktitle                = {马克思恩格斯全集},
  Pages                    = {505},
  Publisher                = {人民出版社},
  Booktitleaddon           = {第44卷},
  Location                 = {北京},
  Year                     = {1982}
}

@Article{HEWITT1984-205-218,
  Title                    = {Technical services in 1983},
  Author                   = {J A HEWITT},
  Date                     = {1984},
  Journaltitle             = {Library Resource Services},
  Number                   = {3},
  Pages                    = {205-218},
  Volume                   = {28}
}

@Article{McEliece1984-44-53,
  Title                    = {Channels with block interference},
  Author                   = {McEliece, R. J. and Stark, W. E.},
  Journal                  = {IEEE Trans. Inf. Theory},
  Number                   = {1},
  Pages                    = {44-53},
  Volume                   = {30},
  Year                     = {1984}
}

@Article{陶仁骥1984-527-527,
  Title                    = {密码学与数学},
  Author                   = {陶仁骥},
  Date                     = {1984},
  Journaltitle             = {自然杂志},
  Number                   = {7},
  Pages                    = {527},
  Volume                   = {7}
}

@Periodical{中华医学会湖北分会1984--,
  Title                    = {临床内科杂志},
  Address                  = {武汉},
  Date                     = {1984},
  Editor                   = {中华医学会湖北分会},
  Institution              = {中华医学会湖北分会},
  Number                   = {1},
  Volume                   = {1}
}

@Incollection{韩吉人1985-90-99,
  Title                    = {论职工教育的特点},
  Author                   = {韩吉人},
  Booktitle                = {职工教育研究论文集},
  Date                     = {1985},
  Publisher                = {人民教育出版社},
  Pages                    = {90-99},
  Bookauthor               = {中国职工教育研究会},
  Location                 = {北京}
}

@Collection{中国职工教育研究会1985--,
  Title                    = {职工教育研究论文集},
  Author                   = {中国职工教育研究会},
  Location                 = {北京},
  Publisher                = {人民教育出版社},
  Year                     = {1985}
}

@Standard{全国文献工作标准化委员会第七分委员会1986--,
  Title                    = {GB/T 5795--1986 中国标准书号},
  Author                   = {全国文献工作标准化委员会第七分委员会},
  Note                     = {standard},
  Year                     = {1986},
  Location                 = {北京},
  Publisher                = {中国标准出版社}
}

@Inbook{1988-590-590,
  Title                    = {卷39 乞致任第一},
  Address                  = {北京},
  Booktitle                = {苏魏公文集:下册},
  Pages                    = {590},
  Publisher                = {中华书局},
  Year                     = {1988}
}



@Standard{国家标准局信息分类编码研究所1988-59-92,
  Title                    = {世界各国和地区名称代码 GB/T 2659-1986},
  Author                   = {国家标准局信息分类编码研究所},
  Date                     = {1988},
  Note                     = {standard},
  Bookauthor               = {全国文献工作标准化技术委员会},
  Booktitle                = {文献工作国家标准汇编},
  Booktitleaddon           = {3},
  Location                 = {北京},
  Pages                    = {59-92},
  Publisher                = {中国标准出版社}
}

@Online{1989--,
  Title                    = {PACS-L:the public-access computer systems forum},
  Date                     = {1989},
  Publisher                = {Tex: University of Houston Libraries},
  Url                      = {http://info.lib.uh.edu/pacsl.html},
  Urldate                  = {1995-05-17},
  Location                 = {Houston}
}

@Patent{姜锡洲1989--,
  Title                    = {一种温热外敷药制备方案},
  Author                   = {姜锡洲},
  Date                     = {1989-07-26},
  Number                   = {88105607.3},
  Titleaddon               = {中国}
}

@Report{DTFHA1990--,
  Title                    = {Guidelines for handling excavated acid-producing materials: PB 91-194001},
  Author                   = {{U.S. Department of Transportation Federal Highway Administration}},
  Institution              = {U.S. Department of Commerce National Information Service},
  Location                 = {Springfield},
  Year                     = {1990}
}

@Book{PIGGOT1990--,
  Title                    = {The cataloguer's way through AACR2: from document receipt to document retrieval},
  Author                   = {T. M. PIGGOT},
  Publisher                = {The Library Association},
  Year                     = {1990},
  Location                 = {London}
}

@Article{DESMARAIS1992-605-609,
  Title                    = {Carbon isotope evidence for the stepwise oxidation of the Proterozoic environment},
  Author                   = {DES MARAIS, D J and H STRAUSS and R E SUMMONS and others},
  Date                     = {1992},
  Journaltitle             = {Nature},
  Pages                    = {605-609},
  Volume                   = {359}
}

@Article{Holtzman1992-243-247,
  Title                    = {On using perturbation analysis to do sensitivity analysis: derivatives versus differences},
  Author                   = {Holtzman, J. M.},
  Journal                  = {IEEE Trans. Autom. Control},
  Number                   = {2},
  Pages                    = {243-247},
  Volume                   = {37},
  Year                     = {1992}
}

@Article{CAPLAN1993-61-66a,
  Title                    = {Cataloging internet resources},
  Author                   = {P CAPLAN},
  Date                     = {1993},
  Journaltitle             = {The public Access Computer Systems Review},
  Number                   = {2},
  Pages                    = {61-66},
  Volume                   = {4}
}

@Book{广西壮族自治区林业厅1993--,
  Title                    = {广西自然保护区},
  Author                   = {广西壮族自治区林业厅},
  Date                     = {1993},
  Publisher                = {中国林业出版社},
  Location                 = {北京}
}

@Patent{刘加林1993--,
  Title                    = {多功能一次性压舌板},
  Author                   = {刘加林},
  Date                     = {1993-04-14},
  Number                   = {92214985.2},
  Location                 = {中国}
}

@Book{OBRIEN1994--,
  Title                    = {Introduction to information systems},
  Author                   = {J A O'BRIEN},
  Date                     = {1994},
  Edition                  = {7},
  Publisher                = {Irwin},
  Location                 = {Burr Ridge, III}
}

@Book{辛希孟1994--,
  Title                    = {信息技术与信息服务国际研讨会论文集},
  Author                   = {辛希孟},
  Publisher                = {中国社会科学出版社},
  Year                     = {1994},
  Location                 = {北京},
  Titleaddon               = {A集}
}

@Article{Andersen1995-42-49,
  Title                    = {Propagation measurements and models for wireless communications channels},
  Author                   = {Andersen, J. B. and Rappaport, T. S. and Yoshida, S.},
  Journal                  = {IEEE Commun. Mag.},
  Number                   = {1},
  Pages                    = {42-49},
  Volume                   = {33},
  Year                     = {1995}
}

@Book{CRAWFPRD1995--,
  Title                    = {Future libraries: dreams, maddness, \& reality},
  Author                   = {W CRAWFPRD and M GORMAN},
  Date                     = {1995},
  Publisher                = {American Library Association},
  Location                 = {Chicago}
}

@Book{赵凯华1995--,
  Title                    = {{新概念物理教程}},
  Address                  = {北京},
  Author                   = {赵凯华 and 罗蔚茵},
  Publisher                = {高等教育出版社},
  Year                     = {1995}
}

@Inbook{MARTIN1996-85-96,
  Title                    = {Control of electronic resources in Australia},
  Author                   = {G MARTIN},
  Bookauthor               = {L W PATTLE and B J COX},
  Booktitle                = {Electronic resources},
  Date                     = {1996},
  Pages                    = {85-96},
  Publisher                = {The Haworth Press},
  Booktitleaddon           = {selection and bibliographic control},
  Location                 = {New York}
}

@Book{国家环境保护局科技标准司1996-2-3,
  Title                    = {土壤环境质量标准: GB 15616-1995},
  Address                  = {北京},
  Author                   = {国家环境保护局科技标准司},
  Note                     = {standard},
  Pages                    = {2-3},
  Publisher                = {中国标准出版社},
  Url                      = {http://wenku.baidu.com},
  Urldate                  = {2013-10-14},
  Year                     = {1996}
}



@Inbook{钟文发1996-468-471,
  Title                    = {非线性规划在可燃毒物配置中的应用},
  Author                   = {钟文发},
  Bookauthor               = {赵玮},
  Booktitle                = {运筹学的理论和应用},
  Pages                    = {468-471},
  Publisher                = {西安电子科技大学出版社},
  Booktitleon              = {中国运筹学会第五届大会讨论文集},
  Location                 = {西安},
  Year                     = {1996}
}

@Inproceedings{Nemec1997-209-214,
  Title                    = {Force control of redundant robots},
  Author                   = {B Nemec},
  Booktitle                = {Processings of Symposium on Robot Control},
  Pages                    = {209-214},
  Country                  = {Nantes France},
  Year                     = {1997}
}



@Article{Andrisano1998-1383-1401,
  Title                    = {Millimeter waves for short-range multimedia communication systems},
  Author                   = {Andrisano, O. and Tralli, V. and Verdone, R.},
  Journal                  = {Proc. IEEE},
  Number                   = {7},
  Pages                    = {1383-1401},
  Volume                   = {86},
  Year                     = {1998}
}

@Article{Chiani1998-2998-3008,
  Title                    = {Error probability for block codes over channels with block interference},
  Author                   = {Chiani, M.},
  Journal                  = {IEEE Trans. Inf. Theory},
  Number                   = {7},
  Pages                    = {2998-3008},
  Volume                   = {44},
  Year                     = {1998}
}

@Article{CHRISTINE1998-331-332,
  Title                    = {Plant physiology:plant biology in the Genome Era},
  Author                   = {M CHRISTINE},
  Date                     = {1998},
  Journaltitle             = {Science},
  Pages                    = {331-332},
  Volume                   = {281},
  Url                      = {http://www.sciencemag.org/cgi/collection/anatmorp},
  Urldate                  = {1998-09-23}
}

@Article{KANAMORI1998-2063-2064,
  Title                    = {Shaking without quaking},
  Author                   = {H KANAMORI},
  Date                     = {1998},
  Journaltitle             = {Science},
  Number                   = {5359},
  Pages                    = {2063-2064},
  Volume                   = {279}
}

@Inbook{白书农1998-146-163,
  Title                    = {植物开花研究},
  Author                   = {白书农},
  Bookauthor               = {李承森},
  Booktitle                = {植物科学进展},
  Pages                    = {146-163},
  Publisher                = {高等教育出版社},
  Location                 = {北京},
  Year                     = {1998}
}

@Book{蒋有绪1998--,
  Title                    = {中国森林群落分类及其群落学特征 and \XeLaTeX{}},
  Address                  = {北京},
  Author                   = {蒋有绪 and 郭泉水 and 马娟 and others},
  Publisher                = {科学出版社},
  Year                     = {1998}
}



@Article{鲁明羽1998-290-295,
  Title                    = {关于数据库系统数据词典的重要作用},
  Author                   = {鲁明羽 and 李纲民},
  Journal                  = {烟台大学学报自然科学与工程版},
  Number                   = {4},
  Pages                    = {290-295},
  Volume                   = {11},
  Year                     = {1998}
}

@Mastersthesis{张志祥1998--,
  Title                    = {间断动力系统的随机扰动及其在守恒律方程中的应用},
  Author                   = {张志祥},
  Date                     = {1998},
  Institution              = {北京大学数学学院},
  Location                 = {北京}
}

@Book{赵耀东1998--,
  Title                    = {新时代的工业工程师},
  Author                   = {赵耀东},
  Publisher                = {天下文化出版社},
  Url                      = {http://www.ie.nthu.edu.tw/info/ie.newie.htm(Big5)},
  Urldate                  = {1998-09-26},
  Year                     = {1998},
  Location                 = {台北}
}

@Article{高光明1998-60-65,
  Title                    = {信号情报接收机的发展现状及趋势},
  Author                   = {高光明},
  Journal                  = {电讯技术},
  Number                   = {2},
  Pages                    = {60-65},
  Volume                   = {38},
  Month                    = {4},
  Year                     = {1998}
}

@Article{Dardari1999-1709-1721,
  Title                    = {High-speed indoor wireless communications at 60 GHz with coded OFDM},
  Author                   = {Dardari, D. and Tralli,V.},
  Journal                  = {IEEE Trans. Commun.},
  Number                   = {11},
  Pages                    = {1709-1721},
  Volume                   = {47},
  Year                     = {1999}
}

@InBook{程根伟1999-32-36a,
  author     = {程根伟},
  title      = {1998年长江洪水的成因与减灾对策},
  booktitle  = {长江流域洪涝灾害与科技对策},
  year       = {1999},
  bookauthor = {许厚泽 and 赵其国},
  publisher  = {科学出版社},
  location   = {北京},
  pages      = {32-36},
}

@Article{江向东1999-4-4,
  Title                    = {互联网环境下的信息处理与图书管理系统解决方案},
  Author                   = {江向东},
  Date                     = {1999},
  Journaltitle             = {情报学报},
  Number                   = {2},
  Pages                    = {4},
  Volume                   = {18},
  Url                      = {http://www.chinainfo.gov.cn/periodical/qbxb/qbxb99/qbxb990203},
  Urldate                  = {2000-01-18}
}

@Article{李晓东1999-101-106,
  Title                    = {气候学研究的若干理论问题},
  Author                   = {李晓东 and 张庆红 and 叶瑾琳},
  Date                     = {1999},
  Journaltitle             = {北京大学学报},
  Number                   = {1},
  Pages                    = {101-106},
  Volume                   = {35},
  Journaltitleaddon        = {自然科学版}
}

@Article{梁振兴1999-24-32,
  Title                    = {美军一体化{C\textsuperscript{4}ISR}系统的发展研究},
  Author                   = {梁振兴},
  Journal                  = {电子展望与决策},
  Pages                    = {24-32},
  Year                     = {1999}
}

@Article{刘武1999-2481-2488,
  Title                    = {元谋人牙齿测量数据的统计分析及其在分类研究上的意义},
  Author                   = {刘武 and 郑良 and 姜础},
  Date                     = {1999},
  Journaltitle             = {科学通报},
  Number                   = {23},
  Pages                    = {2481-2488},
  Volume                   = {44}
}

@Article{莫少强1999-1-6,
  Title                    = {数字式中文全球文献格式的设计与研究},
  Author                   = {莫少强},
  Date                     = {1999},
  Journaltitle             = {情报学报},
  Number                   = {4},
  Pages                    = {1-6},
  Volume                   = {18},
  Url                      = {http://periodical.wanfangdata.com.cn/periodical/qbxb/qbxb99/qbxb9904/990407.htm},
  Urldate                  = {2001-07-08}
}

@Book{唐绪军1999-117-121,
  Title                    = {报业经济与报业经营},
  Author                   = {唐绪军},
  Date                     = {1999},
  Pages                    = {117-121},
  Publisher                = {新华出版社},
  Location                 = {北京}
}

@Proceedings{中国力学学会1999--,
  Title                    = {第3届全国实验流体力学学术会议论文集},
  Address                  = {天津},
  Year                     = {1999},
  Editor                   = {中国力学学会}
}

@Article{杨友烈1999-60-65,
  Title                    = {DII COE的基本概念和技术特征},
  Author                   = {杨友烈},
  Journal                  = {军事通信技术},
  Pages                    = {60-65},
  Volume                   = {72},
  Month                    = {12},
  Year                     = {1999}
}

@Proceedings{GANZHA2000--,
  Title                    = {Computer algebra in scientific computing:CASC 2000:proceedings of the Third
Workshop on Computer Algebra in Scientific Computing, Samarkand, October 5-9, 2000},
  Date                     = {2000},
  Publisher                = {Springer},
  Editor                   = {V G GANZHA and E W MAYR and E V VOROZHTSOV},
  Location                 = {Berlin}
}

@Book{Gradshteyn2000--,
  Title                    = {Tables of Integrals, Series, and Products},
  Address                  = {San Diego},
  Author                   = {Gradshteyn, I. S. and Ryzhik,I. M.},
  Edition                  = {Sixth Edition},
  Publisher                = {CA: Academic Press, Inc.},
  Year                     = {2000}
}

@Book{Parsons2000--,
  Title                    = {The Mobile Radio Propagation Channel},
  Address                  = {Hoboken},
  Author                   = {Parsons, J. D.},
  Edition                  = {2},
  Publisher                = {John Wiley and Sons},
  Year                     = {2000}
}

@Book{Parsons2000a--,
  Title                    = {The Mobile Radio Propagation Channel},
  Address                  = {Hoboken},
  Author                   = {PARSONS},
  Edition                  = {2},
  Publisher                = {John Wiley and Sons},
  Year                     = {2000}
}

@Book{Parsons2000b--,
  Title                    = {The Mobile Radio Propagation Channel},
  Address                  = {Hoboken},
  Author                   = {Parsons},
  Edition                  = {2},
  Publisher                = {John Wiley and Sons},
  Year                     = {2000}
}

@Book{Parsons2000noauthor--,
  Title                    = {The Mobile Radio Propagation Channel},
  Address                  = {Hoboken},
  Edition                  = {2},
  Publisher                = {John Wiley and Sons},
  Year                     = {2000}
}

@Book{Parsons2000noloc--,
  Title                    = {The Mobile Radio Propagation Channel},
  Author                   = {Parsons, J. D.},
  Edition                  = {2},
  Publisher                = {John Wiley and Sons},
  Year                     = {2000}
}

@Book{Parsons2000nopub--,
  Title                    = {The Mobile Radio Propagation Channel},
  Address                  = {Hoboken},
  Author                   = {Parsons, J. D.},
  Edition                  = {2},
  Year                     = {2000}
}

@Book{Parsons2000nopubpages--,
  Title                    = {The Mobile Radio Propagation Channel},
  Address                  = {Hoboken},
  Author                   = {Parsons, J. D.},
  Edition                  = {2},
  Pages                    = {15-20},
  Year                     = {2000}
}

@Book{YUFIN2000--a,
  Title                    = {Geoecology and computers},
  Author                   = {S. A. YUFIN},
  Publisher                = {A. A. Balkema},
  Year                     = {2000},
  Location                 = {Rotterdam},
  Titleaddon               = {proceedings of the Third International Conference on Advances of
 Computer Methods in Geotechnical and Geoenvironmental
 Engineering, Moscow, Russia, February 1-4, 2000}
}

@Article{李炳穆2000-5-8,
  Title                    = {理想的图书管理员和信息专家的素养与形象},
  Author                   = {李炳穆},
  Date                     = {2000},
  Journaltitle             = {图书情报工作},
  Number                   = {2},
  Pages                    = {5-8}
}

@Book{孙玉文2000--,
  Title                    = {汉语变调构词研究},
  Author                   = {孙玉文},
  Publisher                = {北京大学出版社},
  Year                     = {2000},
  Location                 = {北京}
}

@Article{傅刚2000--,
  Title                    = {大风沙过后的思考},
  Author                   = {傅刚 and 赵承 and 李佳路},
  Date                     = {2000-04-12},
  Journaltitle             = {北京青年报},
  Note                     = {news},
  Url                      = {http://www.bjyouth.com.cn/Bqb/20000412/GB/4216%5ED0412B1401.htm},
  Urldate                  = {2005-09-28}
}%  Number                   = {14},

@Newspaper{张田勤2000--,
  Title                    = {犯罪DNA库与生命伦理学计划},
  Author                   = {张田勤},
  Date                     = {2000-11-12},
  Journaltitle             = {大众科技报},
  Note                     = {news},
  Number                   = {7}
}

@Article{丁文祥2000--,
  Title                    = {数字革命与竞争国际化},
  Author                   = {丁文祥},
  Date                     = {2000-11-20},
  Journaltitle             = {中国青年报},
  Number                   = {15},
  Note                     = {news}
}

@Book{booknoauthor,
  Title                    = {出版集团研究},
  Date                     = {2001},
  Pages                    = {179-193},
  Publisher                = {中国书籍出版社},
  Location                 = {北京}
}

@Book{booknolocation,
  Title                    = {出版集团研究},
  Author                   = {余敏},
  Date                     = {2001},
  Pages                    = {179-193},
  Publisher                = {中国书籍出版社}
}

@Book{booknopages,
  Title                    = {出版集团研究},
  Author                   = {余敏},
  Date                     = {2001},
  Publisher                = {中国书籍出版社},
  Url                      = {www.bla~bla.org},
  Location                 = {北京}
}

@Book{booknopublisher,
  Title                    = {出版集团研究},
  Author                   = {余敏},
  Date                     = {2001},
  Location                 = {北京}
}

@Book{booknopublisherpage,
  Title                    = {出版集团研究},
  Author                   = {余敏},
  Date                     = {2001},
  Pages                    = {20-30},
  Location                 = {北京}
}

@Article{Moeneclaey2001-497-505,
  Title                    = {Sensitivity of multiple-access techniques to narrowband interference},
  Author                   = {Moeneclaey, M. and Bladel,M. V. and Sari,H.},
  Journal                  = {IEEE Trans. Commun.},
  Number                   = {3},
  Pages                    = {497-505},
  Volume                   = {49},
  Year                     = {2001}
}

@Book{PEEBLES2001--,
  Title                    = {Probability, random variable and random signal principles},
  Author                   = {PEEBLES, Jr., P Z},
  Edition                  = {4},
  Publisher                = {McGraw Hill},
  Year                     = {2001},
  Location                 = {New York}
}

@Book{Peebles2001-100-100,
  Title                    = {Probability, random variable, and random signal Principles and \LaTeX{}},
  Address                  = {New York},
  Author                   = {von Peebles, Jr., P. Z.},
  Edition                  = {4},
  Pages                    = {100},
  Publisher                = {McGraw-Hill},
  Year                     = {2001}
}

@Inproceedings{Piazzo2001--,
  Title                    = {UWB EM compatibility and coexistence issues},
  Address                  = {Rome, Italy},
  Author                   = {Piazzo, L.},
  Booktitle                = {Proc. 1st Int. Workshop on Networking with UWB},
  Year                     = {2001}
}

@Book{ROOD2001--,
  Title                    = {Logic and structured design for computer programmers},
  Author                   = {H J ROOD},
  Date                     = {2001},
  Edition                  = {3},
  Publisher                = {Brooks/Cole-Thomson Learning}
}

@Book{Simon2001--,
  Title                    = {Spread Spectrum Communications Handbook},
  Address                  = {New York City},
  Author                   = {Simon, M. K. and Omura,J. K. and Scholtz,R. A. and Levitt,B. K.},
  Publisher                = {McGraw-Hill, Inc.},
  Year                     = {2001}
}

@Book{Stueber2001--,
  Title                    = {Principles of Mobile Communication},
  Address                  = {Norwell},
  Author                   = {Stuber, G. L.},
  Edition                  = {Second Edition},
  Publisher                = {MA: Kluwer Academic Publishers},
  Year                     = {2001}
}

@Book{余敏2001-179-193,
  Title                    = {出版集团研究},
  Author                   = {余敏},
  Date                     = {2001},
  Pages                    = {179-193},
  Publisher                = {中国书籍出版社},
  Location                 = {北京}
}

@Book{余敏2001-179-193a,
  Title                    = {出版集团研究},
  Author                   = {余敏},
  Date                     = {2001},
  Edition                  = {3},
  Pages                    = {179-193},
  Publisher                = {中国书籍出版社},
  Location                 = {北京}
}

@Book{余敏2001-179-193b,
  Title                    = {出版集团研究},
  Author                   = {余敏},
  Date                     = {2001},
  Edition                  = {2},
  Pages                    = {179-193},
  Publisher                = {中国书籍出版社},
  Location                 = {北京}
}

@Book{余敏2001-179-193c,
  Title                    = {出版集团研究},
  Author                   = {余敏},
  Date                     = {2001},
  Pages                    = {179-193},
  Publisher                = {中国书籍出版社},
  Url                      = {http://www.baidu.com},
  Urldate                  = {2001-08-04},
  Location                 = {北京}
}

@Book{赵学功2001--a,
  author    = {赵学功},
  title     = {当代美国外交},
  year      = {2001},
  publisher = {社会科学文献出版社},
  url       = {http://www.baidu.com},
  urldate   = {2014-06-11},
}

@Manual{中国第一历史档案馆2001--a,
  author       = {中国第一历史档案馆 and 辽宁省档案馆},
  title        = {中国明朝档案总汇},
  year         = {2001},
  organization = {广西师范大学出版社},
  address      = {桂林},
}

@Article{郜宪林2001-114-116,
  Title                    = {DII COE研究与分析},
  Author                   = {郜宪林},
  Journal                  = {计算机工程与应用},
  Number                   = {19},
  Pages                    = {114-116},
  Year                     = {2001}
}

@Patent{河北绿洲生态环境科技有限公司2001--,
  Title                    = {一种荒漠化地区生态植被综合培育种植方法},
  Author                   = {河北绿洲生态环境科技有限公司},
  Date                     = {2001-10-24},
  Number                   = {01129210.5},
  Url                      = {http://211.152.9.47/sipoasp/zlijs/hyjs-yx-new.asp?recid=01129210.5&leixin},
  Urldate                  = {2002-05-28}
}

@Article{陈金成2001-1861-1864,
  Title                    = {一种开放式体系结构经济型数控装置的研制},
  Author                   = {陈金成 and 杨海威 and 钟廷修},
  Journal                  = {上海交通大学学报},
  Number                   = {12},
  Pages                    = {1861-1864},
  Volume                   = {35},
  Month                    = {12},
  Year                     = {2001}
}

@Www{萧钰2001--,
  Title                    = {出版业信息化迈入快车道},
  Author                   = {萧钰},
  Url                      = {http://www.creader.com/news/20011219/200112190019.html},
  Urldate                  = {2002-04-15},
  Date                     = {2001-12-19}
}

@Inproceedings{Choi2002-1075-1080,
  Title                    = {Performance analysis of ultra-wideband spread-spectrum communications in narrowband interference},
  Address                  = {Anaheim, CA},
  Author                   = {Choi, J. D. and Stark,W. E.},
  Booktitle                = {Proc. IEEE Military Commun. Conf. (MILCOM)},
  Pages                    = {1075-1080},
  Volume                   = {2},
  Year                     = {2002}
}

@Inproceedings{Dardari2002-201-206,
  Title                    = {Simple and accurate models for error probability evaluation of IEEE802.11 DS-SS physical interface in the presence of Bluetooth interference},
  Address                  = {Taipei},
  Author                   = {Dardari, D. and Pasolini,G.},
  Booktitle                = {Proc. IEEE Global Telecommun. Conf. (GLOBECOM)},
  Pages                    = {201-206},
  Volume                   = {1},
  Year                     = {2002}
}

@Inproceedings{Foerster2002-1931-1935,
  Title                    = {Interference modeling of pulse-based UWB waveforms on narrowband systems},
  Address                  = {Birmingham, AL},
  Author                   = {Foerster, J. R.},
  Booktitle                = {Proc. IEEE Veh. Technol. Conf.},
  Pages                    = {1931-1935},
  Volume                   = {4},
  Year                     = {2002}
}

@Inproceedings{Fontana2002-309-313,
  Title                    = {An insight into UWB interference from a shot noise perspective},
  Address                  = {Baltimore, MD},
  Author                   = {Fontana, R. J.},
  Booktitle                = {Proc. of IEEE Conference on Ultrawideband Systems and Technologies (UWBST)},
  Pages                    = {309-313},
  Year                     = {2002}
}

@Article{Haemaelaeinen2002-1712-1721,
  Title                    = {On the UWB system coexistence with GSM900, UMTS/WCDMA, and GPS},
  Author                   = {Hamalainen, M. M. and Hovinen,V. and Tesi,R. and Iinatti,J. H. J. and Latvaaho, M.},
  Journal                  = {IEEE J. Sel. Areas Commun.},
  Number                   = {9},
  Pages                    = {1712-1721},
  Volume                   = {20},
  Year                     = {2002}
}

@Article{Zhao2002-1684-1691,
  Title                    = {Performance of ultra-wideband communications in the presence of interference},
  Author                   = {Zhao, L. and Haimovich,A. M.},
  Journal                  = {IEEEJ. Sel. Areas Commun.},
  Number                   = {9},
  Pages                    = {1684-1691},
  Volume                   = {20},
  Year                     = {2002}
}

@Inproceedings{汪学军2002-22-25,
  Title                    = {中国农业转基因生物研发进展与安全管理},
  Address                  = {北京},
  Author                   = {汪学军},
  Bookauthor               = {国家环境保护总局生物安全管理办公室},
  Booktitle                = {中国国家生物安全框架实施国际合作项目研讨会论文集},
  Pages                    = {22-25},
  Publisher                = {中国环境科学出版社},
  Year                     = {2002}
}

@Book{张伯伟2002--,
  Title                    = {全唐五代诗格会考},
  Address                  = {南京},
  Author                   = {张伯伟},
  Pages                    = {288},
  Publisher                = {江苏古籍出版社},
  Year                     = {2002}
}

@Patent{西安电子科技大学2002--a,
  author  = {西安电子科技大学},
  title   = {光折变自适应光外差探测方法},
  number  = {01128777.2},
  date    = {2002-03-06},
  url     = {http://211.152.9.47/sipoasp/zljs/hyjs-yx-new.asp?recid=01128777.2&leixin=0},
  urldate = {2002-05-28},
}

@Patent{TACHIBANA2002--,
  Title                    = {Electronic watermarking method and system},
  Author                   = {R TACHIBANA and S SHIMIZU and S KOBAYSHI and others},
  Date                     = {2002-04-25},
  Number                   = {US6915001},
  Url                      = {http://patftuspto.gov/netacgi/nph-Parser?Seetl=PTO2&Sect2=HITOFF&=1&u=/netahhml/search-bool.html&r=1&f=G&1=50&col=AND&d=ptxt&sl=`Electronic+watermarking+method+system'.TTL.&OS=TTL/},
  Urldate                  = {2002-05-28}
}

@Patent{KOSEKI2002--,
  Title                    = {Compiler},
  Author                   = {A KOSEKI and H MOMOSE and M KAWAHITO and others},
  Date                     = {2002-05-25},
  Number                   = {US828402},
  Url                      = {http://FF&p=1&u=netahtml/PTO/search-bool.html&r=5&f=G&l=50&col=AND&d=PG01&sl=IBM.AS.&0S=AN/IBM&RS=AN/IBM},
  Urldate                  = {2002-05-28}
}

@Article{Chiani2003-840-845,
  Title                    = {New exponential bounds and approximations for the computation of error probability in fading channels},
  Author                   = {Chiani, M. and Dardari, D. and Simon, M. K.},
  Journal                  = {IEEE Trans. Wireless Commun.},
  Number                   = {4},
  Pages                    = {840-845},
  Volume                   = {2},
  Year                     = {2003}
}

@Inproceedings{Firoozbakhsh2003-473-477,
  Title                    = {Analysis of IEEE 802.11a interference on UWB systems},
  Address                  = {Oulu, Finland},
  Author                   = {Firoozbakhsh, B. and Pratt,T. G. and Jayant,N.},
  Booktitle                = {Proc. of IEEE Conference on Ultrawideband Systems and Technologies (UWBST)},
  Pages                    = {473-477},
  Year                     = {2003}
}

@Electronic{OMG2003--,
  Title                    = {Unified Modeling Language: Superstructure},
  Author                   = {{omg Inc.}},
  Url                      = {http://www.omg.org},
  Year                     = {2003}
}

@Thesis{吴云芳2003--,
  Title                    = {面向中文信息处理的现代汉语并列结构研究},
  Address                  = {北京},
  Author                   = {吴云芳},
  Institution              = {北京大学},
  Url                      = {http://thesis.lib.pku.edu.cn/dlib/List.asp?lang=gb&type=Reader&DocGroupID=4&DoclD=6328},
  Urldate                  = {2013-10-14},
  Year                     = {2003}
}

@Thesis{吴云芳2003a--,
  Title                    = {面向中文信息处理的现代汉语并列结构研究},
  Address                  = {北京},
  Author                   = {吴云芳},
  Url                      = {http://thesis.lib.pku.edu.cn},
  Urldate                  = {2013-10-14},
  Year                     = {2003}
}

@Thesis{吴云芳2003b--,
  Title                    = {面向中文信息处理的现代汉语并列结构研究},
  Author                   = {吴云芳},
  Institution              = {北京大学},
  Url                      = {http://thesis.lib.pku.edu.cn},
  Urldate                  = {2013-10-14},
  Year                     = {2003}
}

@Thesis{吴云芳2003c--,
  Title                    = {面向中文信息处理的现代汉语并列结构研究},
  Author                   = {吴云芳},
  Url                      = {http://thesis.lib.pku.edu.cn},
  Urldate                  = {2013-10-14},
  Year                     = {2003}
}

@Article{Chiani2004-1312-1318,
  Title                    = {Further results on convolutional code search for blockfading channels},
  Author                   = {M. Chiani and A. Conti and V. Tralli},
  Journal                  = {IEEE Trans. Inf. Theory},
  Number                   = {6},
  Pages                    = {1312-1318},
  Volume                   = {50},
  Year                     = {2004}
}

@Article{Chiani2004-1312-1318a,
  Title                    = {Further results on convolutional code search for blockfading channels-a},
  Author                   = {M. Chiani and A. Conti and V. Tralli},
  Pages                    = {1312-1318},
  Year                     = {2004}
}

@Article{Chiani2004-1312-1318b,
  Title                    = {Further results on convolutional code search for blockfading channels-b},
  Author                   = {M. Chiani and A. Conti and V. Tralli},
  Pages                    = {1312-1318},
  Year                     = {2004}
}

@Article{Coulson2004-2277-2287,
  Title                    = {Narrowband interference in pilot symbol assisted OFDM systems},
  Author                   = {Coulson, A. J.},
  Journal                  = {IEEE Trans. Wireless Commun.},
  Number                   = {6},
  Pages                    = {2277-2287},
  Volume                   = {3},
  Year                     = {2004}
}

@Article{Dardari2004-1557-1567,
  Title                    = {Layered video transmission on adaptive OFDM wireless systems},
  Author                   = {Dardari, D. and Martini,M. G. and Mazzotti, M. and Chiani,M.},
  Journal                  = {EURASIP Journal on Wireless Communications and Networking},
  Number                   = {10},
  Pages                    = {1557-1567},
  Year                     = {2004}
}

@Book{Kopka2004--,
  Title                    = {A Guide to LATEX and Electronic Publishing},
  Address                  = {Harlow, England},
  Author                   = {Helmut Kopka and Patrick W. Daly},
  Date                     = {2004},
  Edition                  = {4},
  Publisher                = {Addison-Wesley}
}

@Conference{Li2004-21-24,
  Title                    = {Practical approaches to channel estimation and interference suppression for OFDM based UWB communications},
  Author                   = {Li, Y. and Molisch,A. F. and Zhang,J.},
  Booktitle                = {Proc. of the IEEE 6th Circ. and Syst., Symp. on Emerging Technologies: Frontiers of Mobile and Wireless Communication},
  Pages                    = {21-24},
  Volume                   = {1},
  Year                     = {2004}
}

@Book{Lin2004--,
  Title                    = {Error Control Coding},
  Address                  = {Englewood Cliffs},
  Author                   = {Lin, S. and Daniel Costello,J.},
  Edition                  = {Second Edition},
  Publisher                = {NJ:Prentice Hall},
  Year                     = {2004}
}

@Book{Mittelbach2004--,
  Title                    = {The LaTeX Companion},
  Address                  = {Boston},
  Author                   = {Frank Mittelbach and Michel Goossens and Johannes Braams and David Carlisle and Chris Rowley},
  Edition                  = {Second Edition},
  Publisher                = {Addison-Wesley},
  Year                     = {2004}
}

@Book{Simon2004--,
  Title                    = {Digital Communication over Fading Channels},
  Address                  = {Hoboken},
  Author                   = {Simon, M. K. and Alouini,M. S.},
  Publisher                = {NJ: Wiley-IEEE Press},
  Year                     = {2004}
}

@PhdThesis{张若凌2004--,
  Title                    = {高超声速非平衡流动的计算和实验研究},
  Author                   = {张若凌},
  School                   = {中国空气动力研究与发展中心},
  Year                     = {2004},
  Location                 = {绵阳}
}

@Book{Miroslav2004--,
  Title                    = {信号处理滤波器设计-基于matlab和mathematica的设计方法},
  Address                  = {北京},
  Author                   = {Miroslav, D. L. and Dejan, V. T. and Brian, L. E.},
  Publisher                = {电子工业出版社},
  Translator               = {朱义胜 and 董辉},
  Year                     = {2004},
  Month                    = {1}
}

@Book{Miroslav2003--,
  Title                    = {信号处理滤波器设计方法},
  Address                  = {北京},
  Author                   = {Miroslav, D. L. and Dejan, V. T.},
  Publisher                = {电子工业出版社},
  Translator               = {朱义胜 and 董辉},
  Year                     = {2003},
  Month                    = {1}
}

@Article{Giorgetti2005-1037-1042,
  Title                    = {The impact of OFDM interference on TH-PPM/BPAM transmission systems},
  Author                   = {Giorgetti, A. and Dardari,D.},
  Journal                  = {Proc. IEEE Veh. Technol. Conf.},
  Pages                    = {1037-1042},
  Volume                   = {2},
  Year                     = {2005}
}

@Article{Giorgetti2005-2139-2149,
  Title                    = {The effect of narrowband interference on wideband wireless communication systems},
  Author                   = {Giorgetti, A. and Chiani, M. and Win, M. Z.},
  Journal                  = {IEEE Trans. Commun.},
  Number                   = {12},
  Pages                    = {2139-2149},
  Volume                   = {53},
  Year                     = {2005}
}

@Article{Giorgetti2005-384-389,
  Title                    = {Influence of fading on the Gaussian approximation for BPSK and QPSK with asynchronous cochannel interference},
  Author                   = {Giorgetti, A. and Chiani,M.},
  Journal                  = {IEEE Trans. Wireless Commun.},
  Number                   = {2},
  Pages                    = {384-389},
  Volume                   = {4},
  Year                     = {2005}
}

@Inproceedings{Giorgetti2005-794-798,
  Title                    = {Coexistence of UWB and narrowband systems in Nakagami/Rice channels},
  Address                  = {Aalborg, Denmark},
  Author                   = {Giorgetti, A.},
  Booktitle                = {Proc. Int. Symp. on Wireless Personal Multimedia Commun. (WPMC)},
  Pages                    = {794-798},
  Year                     = {2005}
}

@Book{Reed2005--,
  Title                    = {An Introduction to Ultrawideband Communication Systems},
  Address                  = {Upper Saddle River},
  Author                   = {Reed, J. H.},
  Publisher                = {NJ: Prentice Hall},
  Year                     = {2005}
}

@Book{樊昌信2005--,
  Title                    = {通信原理教程},
  Address                  = {北京},
  Author                   = {樊昌信},
  Publisher                = {电子工业出版社},
  Year                     = {2005}
}

@Article{Coulson2006-2484-2492,
  Title                    = {Bit error rate performance of OFDM in narrowband interference with excision filtering},
  Author                   = {Coulson, A. J.},
  Journal                  = {IEEE Trans. Wireless Commun.},
  Number                   = {9},
  Pages                    = {2484-2492},
  Volume                   = {5},
  Year                     = {2006}
}

@Inproceedings{Giorgetti2006--,
  Title                    = {Coexistence issues in cognitive radios based on ultra-wide bandwidth systems},
  Address                  = {Mykonos, Greece},
  Author                   = {Giorgetti, A. and Chiani, M. and Dardari,D.},
  Booktitle                = {Proc. IEEE Int. Conf. on Cognitive Radio Oriented Wireless Net. and Comm. (CROWNCOM)},
  Year                     = {2006}
}

@Article{Hu2006-1720-1724,
  Title                    = {Performance of an ultra-wideband communication system in the presence of narrowband BPSK-and QPSK-modulated OFDM interference},
  Author                   = {Hu, B. and Beaulieu,N. C.},
  Journal                  = {IEEE Trans. Commun.},
  Number                   = {10},
  Pages                    = {1720-1724},
  Volume                   = {54},
  Year                     = {2006}
}

@Article{Molisch2006-3151-3166,
  Title                    = {A comprehensive standardized model for ultrawideband propagation channels},
  Author                   = {Molisch, A. F. and Cassioli, D. and Chong, C. C. and Emami, S. and Fort, A.},
  Journal                  = {IEEE Trans. Antennas Propag.},
  Number                   = {11},
  Pages                    = {3151-3166},
  Volume                   = {54},
  Year                     = {2006}
}

@Article{Saito2006-169-176,
  Title                    = {jadeite-bearing metagabbro in serpentinite m\'elange of the ``kurosegawa belt" in Izumi Town,Yatsushiro city, kumamoto prefecture, central kyushu},
  Author                   = {Saito, M. and Miyazaki, k.},
  Journal                  = {bulletin of geological survey of japan},
  Number                   = {5/6},
  Pages                    = {169-176},
  Volume                   = {57},
  Year                     = {2006}
}

@Book{郭文彬2006--,
  Title                    = {通信原理--基于Matlab的计算机仿真},
  Address                  = {北京},
  Author                   = {郭文彬 and 桑林},
  Publisher                = {北京邮电大学出版社},
  Year                     = {2006}
}

@Book{蔡敏2006--,
  Title                    = {UML基础和Rose建模教程},
  Address                  = {北京},
  Author                   = {蔡敏 and 徐慧慧 and 黄柄强},
  Publisher                = {人民邮电出版社},
  Year                     = {2006},
  Month                    = {1}
}

@Article{Nasri2007-4090-4100,
  Title                    = {Analysis of narrowband communication systems impaired by MB-OFDM UWB interference},
  Author                   = {Nasri, A. and Schober, R. and Lampe, L.},
  Journal                  = {IEEE Trans. Wireless Commun.},
  Number                   = {11},
  Pages                    = {4090-4100},
  Volume                   = {6},
  Year                     = {2007}
}

@Book{Proakis2007--,
  Title                    = {Digital signal processing: Principles,algorithms, and applications},
  Address                  = {北京},
  Author                   = {Proakis, J. G. AND Manolakis, D. G.},
  Edition                  = {第4版},
  Publisher                = {电子工业出版社},
  Year                     = {2007}
}

@Article{Quek2007-2126-2139,
  Title                    = {Unified analysis of UWB transmitted-reference schemes in the presence of narrowband interference},
  Author                   = {Quek, T. Q. S. and Win,M. Z. and Dardari,D.},
  Journal                  = {IEEE Trans. Wireless Commun.},
  Number                   = {6},
  Pages                    = {2126-2139},
  Volume                   = {6},
  Year                     = {2007}
}

@Article{Shi2007-1118-1128,
  Title                    = {Impact of narrowband interference on OFDM-UWB receivers: Analysis and mitigation},
  Author                   = {Shi, K. and Zhou,Y. and Kelleci,B. and Fischer, T. W. and Serpedin, E.E. and Ilker Karsilayan, A.},
  Journal                  = {IEEE Trans.Signal Process.},
  Number                   = {3},
  Pages                    = {1118-1128},
  Volume                   = {55},
  Year                     = {2007}
}

@Article{Snow2007-1736-1746,
  Title                    = {Error rate analysis for coded multicarrier systems over quasistatic fading channels},
  Author                   = {Snow, C. and Lampe, L. and Schober,R.},
  Journal                  = {IEEE Trans. Commun.},
  Number                   = {9},
  Pages                    = {1736-1746},
  Volume                   = {55},
  Year                     = {2007}
}

@Book{全国广播电视标准化技术委员会2007-1-1,
  Title                    = {广播电视音像资料编目规范:第2部分~ 广播资料:GY/T202.2-2007},
  Address                  = {北京},
  Author                   = {全国广播电视标准化技术委员会},
  Note                     = {standard},
  Pages                    = {1},
  Publisher                = {国家广播电影电视局广播电视规划院},
  Year                     = {2007}
}

@Article{张敏莉2007-500-503,
  Title                    = {超声速短化喷管的设计和试验研究},
  Author                   = {张敏莉 and 易仕和 and 赵玉新},
  Journal                  = {空气动力学报},
  Number                   = {4},
  Pages                    = {500-503},
  Volume                   = {25},
  Year                     = {2007}
}

@Book{庄钊文2007--,
  Title                    = {军用目标雷达散射截面预估与测量},
  Address                  = {北京},
  Author                   = {庄钊文 and 袁乃昌 and 莫锦军 and 刘少斌},
  Publisher                = {科学出版社},
  Year                     = {2007}
}

@Article{刘晨2007-400-404,
  Title                    = {体系对抗仿真模型形式规范研究},
  Author                   = {刘晨 and 王维平 and 朱一凡},
  Journal                  = {系统仿真学报},
  Number                   = {2},
  Pages                    = {400-404},
  Volume                   = {19},
  Month                    = {1},
  Year                     = {2007}
}

@Manual{吴凌云2007--,
  Title                    = {CTEX FAQ},
  Author                   = {吴凌云},
  Version                  = {version 0.4},
  Month                    = {1},
  Subtitle                 = {常见问题集},
  Year                     = {2007}
}

@Article{articlemorenames,
  Title                    = {Cooperation enforcement and learning for optimizing packet forwarding in autonomous wireless networks},
  Author                   = {Pandana, C. and Han, Z. and Liu, K.J.R. and others},
  Journal                  = {Wireless Communications, IEEE Transactions on},
  Number                   = {8},
  Pages                    = {3150--3163},
  Volume                   = {7},
  Publisher                = {IEEE},
  Year                     = {2008}
}

@Inproceedings{Nasri2008-3616-3621,
  Title                    = {Performance Evaluation of BICM-OFDM Systems Impaired by UWB Interference},
  Address                  = {Beijing, China},
  Author                   = {Nasri, A. and Schober,R. and Lampe,L.},
  Booktitle                = {Proc. IEEE Int. Conf. on Commun.},
  Pages                    = {3616-3621},
  Year                     = {2008}
}

@Book{2009-155-155,
  Title                    = {师伏堂日记:第4册},
  Address                  = {北京},
  Pages                    = {155},
  Publisher                = {北京图书馆出版社},
  Year                     = {2009}
}

@Article{Chiani2009-231-254,
  Title                    = {Coexistence between UWB and narrow-band wireless communication systems},
  Author                   = {Chiani, M. and Giorgetti, A.},
  Journal                  = {Proc. IEEE, Special Issue on UWB Technology and Emerging Applications},
  Number                   = {2},
  Pages                    = {231-254},
  Volume                   = {97},
  Year                     = {2009}
}

@Article{Pinto2009-1268-1282,
  Title                    = {A stochastic geometry approach to coexistence in heterogeneous wireless networks},
  Author                   = {Pinto, P. and Giorgetti,A. and Win,M. Z. and Chiani,M.},
  Journal                  = {IEEE J. Sel. Areas Commun., Special Issue on Stochastic Geometry and Random Graphs for Wireless Networks},
  Number                   = {7},
  Pages                    = {1268-1282},
  Volume                   = {27},
  Year                     = {2009}
}

@Book{罗斯基2009--,
  Title                    = {战前中国经济的增长},
  Address                  = {杭州},
  Author                   = {罗斯基},
  Publisher                = {浙江大学出版社},
  Translator               = {唐巧天 and 毛立坤 and 姜修宪},
  Year                     = {2009}
}

@Book{陈希孺2009--,
  Title                    = {概率论与数理统计},
  Address                  = {合肥},
  Author                   = {陈希孺},
  Publisher                = {中国科学技术大学出版社},
  Year                     = {2009},
  Month                    = {2}
}

@Book{李云霞2009--,
  Title                    = {光电对抗原理与应用},
  Address                  = {西安},
  Author                   = {李云霞 and 蒙文 and 马丽华 and 赵尚弘},
  Date                     = {2009-02},
  Publisher                = {西安电子科技大学出版社}
}

@Article{卢秋红2009-247-251,
  Title                    = {基于开放式架构的反恐排爆机器人关键技术分析},
  Author                   = {卢秋红 and 蒋金鹏 and 付西光},
  Journal                  = {上海电机学院学报},
  Number                   = {3},
  Pages                    = {247-251},
  Volume                   = {12},
  Month                    = {9},
  Year                     = {2009}
}

@Article{张庆杰2009-30-33,
  Title                    = {支持无人机互操作的多数据链互连网关设计},
  Author                   = {张庆杰 and 王林 and 朱华勇 and 沈林成},
  Journal                  = {计算机工程},
  Number                   = {20},
  Pages                    = {30-33},
  Volume                   = {35},
  Month                    = {10},
  Year                     = {2009}
}

@Article{Park2010-696-715,
  Title                    = {metadata quality Control in Digital repositories and collections: criteria, semantics, and mechanisms},
  Author                   = {Park, J R and tosaka, Y.},
  Journal                  = {Cataloging \& classification quarterly},
  Number                   = {8},
  Pages                    = {696-715},
  Volume                   = {48},
  Url                      = {http://www.tandfonline.com},
  Urldate                  = {2013-09-05},
  Year                     = {2010}
}

@Article{陈建军2010-93-93,
  Title                    = {从数字地球到智慧地球},
  Author                   = {陈建军},
  Journal                  = {国图资源导刊},
  Number                   = {10},
  Pages                    = {93},
  Volume                   = {7},
  Doi                      = {10.3969/j.issn.1672-5603.2010.10.038},
  Url                      = {http://d.g.wanfangdata.com.cn},
  Urldate                  = {2013-03-20},
  Year                     = {2010}
}

@Article{储大同2010-721-724,
  Title                    = {恶性肿瘤个体化治疗靶向药物的临床表现},
  Author                   = {储大同},
  Journal                  = {中华肿瘤杂志},
  Number                   = {10},
  Pages                    = {721-724},
  Volume                   = {32},
  Url                      = {http://www.sohu.com},
  Urldate                  = {2014-06-25},
  Year                     = {2010}
}

@book{weiner2010-38,
  Title                    = {Microarchaeology: beyond the visible archaeological record},
  Author                   = {Weiner, S},
  Address                  = {Cambridge, Eng.},
  Date                     = {2010},
  Publisher                = {Cambridge University Press Textbooks},
  Url                      = {http://lib.MYLIB.COM/OPEN.aspx?id=253897},
  Urldate                  = {2013-10-14},
  pages                    = {38}
}

@Article{储大同2010-721-724m,
  Title                    = {恶性肿瘤个体化治疗靶向药物的临床表现},
  Author                   = {储大同},
  Journal                  = {中华肿瘤杂志},
  Number                   = {9/10},
  Pages                    = {721-724},
  Volume                   = {32},
  Doi                      = {10.7666/d.y351065},
  Url                      = {http://www.sohu.com},
  Urldate                  = {2014-06-25},
  Year                     = {2010}
}

@Book{候文顺2010-119-119,
  Title                    = {高分子物理:高分子材料分析、选择与改性},
  Address                  = {北京},
  Author                   = {候文顺},
  Pages                    = {119},
  Publisher                = {化学工业出版社},
  Url                      = {http://apabi.lib.pku.edu.cn},
  Urldate                  = {2012-11-27},
  Year                     = {2010}
}

@Book{胡承正2010-112-112,
  Title                    = {理论物理概论:上},
  Address                  = {武汉},
  Author                   = {胡承正 and 周详 and 缪灵},
  Pages                    = {112},
  Publisher                = {武汉大学出版社},
  Year                     = {2010}
}

@Book{美国妇产科医师学会2010-38-39,
  Title                    = {新生儿脑病和脑性瘫痪发病机制与病理生理},
  Address                  = {北京},
  Author                   = {美国妇产科医师学会},
  Pages                    = {38-39},
  Publisher                = {人民卫生出版社},
  Translator               = {段涛 and 杨慧霞},
  Year                     = {2010}
}

@Book{全国信息文献标准化技术委员会2010-3-3,
  Title                    = {文献著录:第4部分~ 非书资料:GB/T3792.4-2009},
  Address                  = {北京},
  Author                   = {全国信息文献标准化技术委员会},
  Note                     = {standard},
  Pages                    = {3},
  Publisher                = {中国标准出版社},
  Year                     = {2010}
}

@Article{伍江华2010-70-74,
  Title                    = {C4ISR互操作框架及信息关系模型研究},
  Author                   = {伍江华 and 潘小群},
  Journal                  = {舰船电子工程},
  Number                   = {1},
  Pages                    = {70-74},
  Volume                   = {30},
  Year                     = {2010}
}

@Book{王雪松2010--,
  Title                    = {现代雷达电子战系统建模与仿真},
  Address                  = {北京},
  Author                   = {王雪松 and 肖顺平 and 冯德军 and 赵锋},
  Date                     = {2010-03},
  Publisher                = {电子工业出版社}
}

@Book{Ross2010--,
  Title                    = {概率论基础教程},
  Address                  = {北京},
  Author                   = {Ross, S. M.},
  Edition                  = {第8版},
  Publisher                = {人民邮电出版社},
  Translator               = {郑忠国 and 詹从赞},
  Year                     = {2010},
  Month                    = {4}
}

@Book{陈志杰2006--,
  Title                    = {LaTeX 入门与提高},
  Address                  = {北京},
  Author                   = {陈志杰 and 赵书钦 and 李树钧 and 万福永},
  Edition                  = {第二版},
  Publisher                = {高等教育出版社},
  Year                     = {2010},
  Month                    = {5}
}

@Manual{Umeki2010--,
  Title                    = {The geometry package},
  Author                   = {Hideo Umeki},
  Version                  = {v5.6},
  Month                    = {09},
  Year                     = {2010}
}

@Report{Calkin2011-8-9,
  Title                    = {a comparative risk assessment framework for wildland fire management: the 2010 cohesive strategy Science report: RMRS-GTR-262},
  Author                   = {Calkin, D and Ager, a. and Thompson, m.},
  Pages                    = {8-9},
  Year                     = {2011}
}

@Book{Praetzellis2011-13-13,
  Title                    = {death by theory : a tale of mystery and archaeological theory},
  Author                   = {Praetzellis, A.},
  Edition                  = {Rev. ed.},
  Pages                    = {13},
  Publisher                = {Rowman \& Littlefield Publishing Group, Inc.},
  Url                      = {http://lib.myilibrary.com},
  Urldate                  = {2012-07-26},
  Year                     = {2011}
}

@Proceedings{陈志勇2011--,
  Title                    = {中国财税文化价值研究:“中国财税文化国际学术研讨会”论文集},
  Address                  = {北京},
  Author                   = {陈志勇},
  Publisher                = {经济科学出版社},
  Url                      = {http://apabi.lib.pku.edu.cn},
  Urldate                  = {2013-10-14},
  Year                     = {2011}
}

@InProceedings{贾东琴2011-45-52a,
  author     = {贾东琴 and 柯平},
  title      = {面向数字素养的高校图书馆数字服务体系研究},
  booktitle  = {中国图书馆学会年会论文集:2011年卷},
  year       = {2011},
  publisher  = {国家图书馆出版社},
  pages      = {45-52},
  address    = {北京},
  bookauthor = {中国图书馆学会},
}

@Inbook{楼梦麟2011-11-12,
  Title                    = {汶川地震基岩地震动特征分析},
  Address                  = {上海},
  Author                   = {楼梦麟 and 杨燕},
  Bookauthor               = {同济大学土木工程防灾国家重点实验室},
  Booktitle                = {汶川地震震害研究},
  Pages                    = {{011-012}},
  Publisher                = {同济大学出版社},
  Url                      = {http://apabi.lib.pku.edu.cn},
  Urldate                  = {2013-05-09},
  Year                     = {2011}
}

@Thesis{马欢2011-27-27,
  Title                    = {人类活动影响下海河流域典型区水循环变化分析},
  Address                  = {北京},
  Author                   = {马欢},
  Institution              = {清华大学},
  Pages                    = {27},
  Url                      = {http://www.cnki.net/kcms/detail/detail.aspx?dbcode=CDFD&QueryID=.O&CurRec=11&dbname=CDFDLAST2013&.filename=1012035905.nh&uid=WEEvRE­wSIJHSldTTGJhYIJRaEhGUXFQWVB6SGZXeisxdmVhV3Zy2kpoUnozeDElbOpaMONmMjZiQ3p4TUdmcw= },
  Urldate                  = {2013-10-14},
  Year                     = {2011}
}

@InBook{2011-1109-1109,
  title      = {周易外传:卷5},
  booktitle  = {船山全书:第6册},
  year       = {2011},
  bookauthor = {王夫之},
  publisher  = {岳麓书社},
  location   = {长沙},
  pages      = {1109},
}

@Book{胡伟2011--,
  Title                    = {LaTeX2$\varepsilon$完全学习手册},
  Address                  = {北京},
  Author                   = {胡伟},
  Publisher                = {清华大学出版社},
  Year                     = {2011},
  Month                    = {1}
}

@Manual{Oetiker2011--,
  Title                    = {The Not So Short Introduction to \LaTeXe{}},
  Author                   = {Tobias Oetiker and Hubert Partl and Irene Hyna and Elisabeth Schleg},
  Month                    = {4},
  Year                     = {2011}
}

@Article{陈高峰2011-230-232,
  Title                    = {基于开放式框架的交叉开发环境设计与实现},
  Author                   = {陈高峰},
  Journal                  = {煤炭技术},
  Number                   = {6},
  Pages                    = {230-232},
  Volume                   = {30},
  Month                    = {6},
  Year                     = {2011}
}

@Manual{Robertson2011--,
  Title                    = {The ccaption package},
  Author                   = {Will Robertson and Peter Wilson and Herries Press},
  Version                  = {v3.2c},
  Month                    = {8},
  Year                     = {2011}
}

@Article{谭跃进2011-441-445,
  Title                    = {体系工程的研究与发展},
  Author                   = {谭跃进 and 赵青松},
  Journal                  = {中国电子科学研究院学报},
  Number                   = {5},
  Pages                    = {441-445},
  Volume                   = {6},
  Month                    = {10},
  Year                     = {2011}
}

@Manual{Sommerfeldt2011--,
  Title                    = {Customizing captions of floating environments},
  Author                   = {Axel Sommerfeldt},
  Url                      = {http://sourceforge.net/projects/latex-caption/},
  Month                    = {11},
  Year                     = {2011}
}

@Article{张晓琴2011--,
  Title                    = {有重复组合公式的几种证明方法},
  Author                   = {张晓琴 and 王顺勇},
  Journal                  = {大学数学},
  Number                   = {6},
  Volume                   = {27},
  Month                    = {12},
  Year                     = {2011}
}

@Book{Kinchy2012-50-50,
  Title                    = {Seeds, Sciences, and struggle : the global politics of transgenic crops},
  Address                  = {Cambridge,Mass.},
  Author                   = {Kinchy, A.},
  Pages                    = {50},
  Publisher                = {MIT Press},
  Url                      = {http://lib.myilibary.com},
  Urldate                  = {2013-07-14},
  Year                     = {2012}
}

@Book{库恩2012--,
  Title                    = {科学革命的结构:第4版},
  Address                  = {北京},
  Author                   = {库恩},
  Edition                  = {2},
  Publisher                = {北京大学出版社},
  Translator               = {金吾伦 and 胡新和},
  Year                     = {2012}
}

@Proceedings{雷光春2012--,
  Title                    = {综合湿地管理:综合湿地管理国际研讨会论文集},
  Address                  = {北京},
  Author                   = {雷光春},
  Publisher                = {海洋出版社},
  Year                     = {2012}
}

@Article{于潇2012-1518-1523,
  Title                    = {互联网药品可信交易环境中主体资质审核备案模式},
  Author                   = {于潇 and 刘义 and 柴跃廷 and others},
  Journal                  = {清华大学学报(自然科学版)},
  Number                   = {11},
  Pages                    = {1518-1523},
  Volume                   = {52},
  Year                     = {2012}
}

@Article{于潇2011-15-23,
  Title                    = {互联网药品可信交易环境中主体资质审核备案模式},
  Author                   = {于, 潇 and 刘, 义 and 柴, 跃廷 and others},
  Journal                  = {清华大学学报},
  Number                   = {11},
  Pages                    = {15-23},
  Volume                   = {52},
  Year                     = {2011}
}

@Proceedings{中国社会科学院台湾史研究中心2012--,
  Title                    = {台湾光复六十五周年暨抗战史实学术研讨会论文集},
  Address                  = {北京},
  Publisher                = {九州出版社},
  Year                     = {2012},
  Editor                   = {中国社会科学院台湾史研究中心}
}

@Book{埃伯哈德$ullet$蔡德勒等2012--,
  Title                    = {数学指南-实用数学手册},
  Address                  = {北京},
  Author                   = {埃伯哈德$\bullet$蔡德勒等},
  Publisher                = {科学出版社},
  Translator               = {李文林等},
  Year                     = {2012},
  Month                    = {1}
}

@Book{廖平2012--,
  Title                    = {导弹突防中的电子对抗技术},
  Address                  = {北京},
  Author                   = {廖平 and 姜勤波},
  Date                     = {2012-01},
  Publisher                = {国防工业出版社}
}

@Patent{张凯军2012-04-05--,
  Title                    = {轨道火车及高速轨道火车紧急安全制动辅助装置},
  Author                   = {张凯军},
  Number                   = {201220158825.2},
  Year                     = {2012-04-05}
}

@Online{李强2012-05-03--,
  Title                    = {化解医患矛盾需釜底抽薪},
  Author                   = {李强},
  Url                      = {http://wenku.baidu.com},
  Urldate                  = {2013-03-25},
  Year                     = {2012-05-03}
}

@Online{Dublin2012-06-14--,
  Title                    = {Dublin core metadata element set: version 1.1},
  Url                      = {http://dublincore.org},
  Urldate                  = {2014-06-11},
  Year                     = {2012-06-14}
}

@Book{胡广书2012--,
  Title                    = {数字信号处理—理论、算法与实现},
  Address                  = {北京},
  Author                   = {胡广书},
  Edition                  = {第三版},
  Publisher                = {清华大学出版社},
  Year                     = {2012},
  Month                    = {10}
}

@Article{Franz2013-1053-1062,
  Title                    = {Phenotypic screening with oleaginous microalgae reveals modulators of lipid productivity},
  Author                   = {Franz,A.K. AND DANIELEWICZ, M. A. AND WONG, D. M. AND OTHERS},
  Journal                  = {ACS chemical biology},
  Pages                    = {1053-1062},
  Volume                   = {8},
  Url                      = {http://pubs.acs.org},
  Urldate                  = {2014-06-26},
  Year                     = {2013}
}

@Article{Walls2013-399-418,
  Title                    = {drought, deluge and declines: the impact of precipition extremes on amphibians in a changing climate},
  Author                   = {Walls, S C and barichivich, W. J. and BROWN, m. e.},
  Journal                  = {Biology},
  Number                   = {1},
  Pages                    = {399-418},
  Volume                   = {2},
  Url                      = {http://www.mdpi.com},
  Urldate                  = {2013-11-04},
  Year                     = {2013},
  doi                      = {10.3390/biology2010399}
}

@Article{Zhang2007-500-503,
  Title                    = {The design and experimental investigations of supersonic length shorted nozzle},
  Author                   = {Zhang, Min-li and Yi, Shi-he and Zhao, Yu-xin},
  Journal                  = {ACTA AERODYNAMICA SINICA},
  Number                   = {4},
  Pages                    = {500-503},
  Volume                   = {25},
  Year                     = {2007}
}

@Book{Yi2013--,
  Title                    = {Supersonic and hypersonic nozzle design},
  Address                  = {Beijing},
  Author                   = {Yi, Shi he and Zhao, Yu xin and He, Lin and Zhang, Min li},
  Publisher                = {National Defense Industry Press},
  Year                     = {2013}
}

@Book{LIAO2012--,
  Title                    = {Electronic countermeasure techniques for missile penetration},
  Address                  = {Beijing},
  Author                   = {LIAO, ping and JIANG, qin bo},
  Publisher                = {National Defense Industry Press},
  Year                     = {2013}
}

@Book{LIU2003--,
  Title                    = {Introduction of Ballistic Misille Techniques},
  Address                  = {Beijing},
  Author                   = {LIU, shi Qiu},
  Publisher                = {China Astronautic Publishing House},
  Year                     = {2003}
}

@InBook{马克思2013-302-302a,
  author     = {马克思},
  title      = {政治经济学批判},
  booktitle  = {马克思恩格斯全集:第35卷},
  year       = {2013},
  bookauthor = {马克思 and 恩格斯},
  publisher  = {人民出版社},
  pages      = {302},
  address    = {北京},
}

@Article{杨洪升2013-56-75,
  Title                    = {四库馆私家抄校书考略},
  Author                   = {杨洪升},
  Journal                  = {文献},
  Number                   = {1},
  Pages                    = {56-75},
  Year                     = {2013}
}

@Book{易仕和2013--,
  Title                    = {超声速和高超声速喷管设计},
  Address                  = {北京},
  Author                   = {易仕和 and 赵玉新 and 何霖 and 张敏莉},
  Publisher                = {国防工业出版社},
  Year                     = {2013}
}

@Article{詹广平2013-8-10,
  Title                    = {美海军宙斯盾系统开放式体系结构研究},
  Author                   = {詹广平},
  Journal                  = {舰船电子工程},
  Number                   = {11},
  Pages                    = {8-10},
  Volume                   = {33},
  Year                     = {2013}
}

@Book{中国企业投资协会2013--,
  Title                    = {投资台湾:大陆企业赴台投资指南},
  Address                  = {北京},
  Author                   = {中国企业投资协会 and 台湾并购与私募股权协会 and 汇盈国际投资集团},
  Publisher                = {九州出版社},
  Year                     = {2013}
}

@Article{周学武2013-49-52,
  Title                    = {数据链技术的发展及其在空面导弹中的应用},
  Author                   = {周学武 and 邹敏怀 and 张邦楚 and 黄剑斌 and 刘涛},
  Journal                  = {教练机},
  Number                   = {2},
  Pages                    = {49-52},
  Year                     = {2013}
}

@Book{Poisel2013--,
  Title                    = {通信电子战原理},
  Address                  = {北京},
  Author                   = {Poisel, Richard A.},
  Edition                  = {2版},
  Pages                    = {23--26},
  Publisher                = {电子工业出版社},
  Translator               = {聂皞 and 王振华 and 陈少昌 and 吴利民},
  Url                      = {http://www.baidu.com},
  Urldate                  = {2013-08-01},
  Year                     = {2013},
  Month                    = {1}
}

@Article{王雪峥2013-249-254,
  Title                    = {基于DoDAF的靶场体系结构设计},
  Author                   = {王雪峥 and 许雪梅},
  Journal                  = {系统工程理论与实践},
  Number                   = {1},
  Pages                    = {249-254},
  Volume                   = {33},
  Month                    = {1},
  Year                     = {2013}
}

@Book{阎毅2013--,
  Title                    = {软件无线电与认知无线电概论},
  Address                  = {北京},
  Author                   = {阎毅 and 贺鹏飞},
  Publisher                = {电子工业出版社},
  Year                     = {2013},
  Month                    = {1}
}

@Article{刘裕国2013-01-12--,
  Title                    = {雾霾来袭，如何突围},
  Author                   = {刘裕国 and 杨柳 and 张洋 and OTHERS},
  Journal                  = {人民日报},
  Note                     = {news},
  Url                      = {http://paper.people.com.cn},
  Urldate                  = {2013-11-06},
  Year                     = {2013-01-12}
}

@Report{中华人民共和国国务院新闻办公室2013-04-16--,
  Title                    = {国防白皮书:中国武装力量的多样化运用},
  Author                   = {中华人民共和国国务院新闻办公室},
  Url                      = {http://www.mod.gov.cn},
  Urldate                  = {2014-06-11},
  Year                     = {2013},
  date                     = {2013-04-16}
}

@Book{刘海洋2013--,
  Title                    = {LaTeX 入门},
  Address                  = {北京},
  Author                   = {刘海洋},
  Publisher                = {电子工业出版社},
  Year                     = {2013},
  Month                    = {6}
}

@Unpublished{包太雷2013--,
  Title                    = {LaTeX Notes},
  Author                   = {包太雷},
  Edition                  = {第二版},
  Month                    = {9},
  Subtitle                 = {雷太赫排版系统简介},
  Year                     = {2013}
}

@Report{汤万金2013-09-30--,
  Title                    = {人体安全重要技术标准研制最终报告: 7178999X},
  Author                   = {汤万金 and 杨跃翔 and 刘文 and others},
  Url                      = {http://www.nstrs.org.cn},
  Urldate                  = {2014-06-24},
  date                     = {2013-09-30},
  Year                     = {2013}
}

@Manual{Lehman2013--,
  Title                    = {The biblatex Package},
  Author                   = {Philipp Lehman and Philip Kime and Audrey Boruvka and Joseph Wright},
  Version                  = {version 2.8a},
  Month                    = {11},
  Subtitle                 = {Programmable Bibliographies and Citations},
  Year                     = {2013}
}

@Proceedings{Babu2014--,
  Title                    = {Proceedings of the second international conference on soft computing for problem solving, December 28-30, 2012},
  Address                  = {New Delhi},
  Publisher                = {Springer},
  Year                     = {2014},
  Editor                   = {Babu, B. V. and NAGAR, A. K. AND DEEP, K. and others}
}

@Book{同济大学数学系2014--,
  Title                    = {高等数学},
  Address                  = {北京},
  Author                   = {同济大学数学系},
  Publisher                = {高等教育出版社},
  Year                     = {2014},
  Month                    = {7}
}

@Book{杨林2015--,
  Title                    = {面向对象软件工程与UML实践教程},
  Address                  = {北京},
  Author                   = {杨林 and 叶亚琴 and 方芳},
  Publisher                = {科学出版社},
  Year                     = {2015},
  Month                    = {1}
}

@Manual{Braams2015--,
  Title                    = {The \LaTeXe{} Sources},
  Author                   = {Johannes Braams and David Carlisle and Alan Jeffrey and Leslie Lamport and Frank Mittelbach and Chris Rowley and Rainer Sch¨opf},
  Date                     = {2015-01-01}
}

@Manual{Lehman2015,
  Title                    = {The Biblatex Package: Programmable Bibliographies and Citations},
  Author                   = {Philipp Lehman and Philip Kime and Audrey Boruvka and Joseph Wright},
  Date                     = {2015-04-20},
  Version                  = {3.0}
}

@Book{中华人民共和国国家质量监督检验检疫总局2015,
  Title                    = {中华人民共和国国家标准 GB/T 7714-2015 信息与文献 参考文献著录规则},
  Author                   = {中华人民共和国国家质量监督检验检疫总局 and 中国国家标准化管理委员会},
  Date                     = {2015-05-15},
  Note                     = {standard}
}

@Article{高翔2015-26-31,
  Title                    = {复杂航电架构的开放式系统标准研究},
  Author                   = {高翔 and 李辰},
  Journal                  = {航空电子技术},
  Number                   = {2},
  Pages                    = {26-31},
  Volume                   = {46},
  Month                    = {6},
  Year                     = {2015}
}

@Manual{Mittelbach2015--,
  Title                    = {An environment for multicolumn output},
  Author                   = {Frank Mittelbach},
  Month                    = {12},
  Year                     = {2015}
}

@Manual{Berry2016--,
  Title                    = {TEX Live 指南—2016},
  Author                   = {Karl Berry},
  Date                     = {2016-06}
}

@Manual{胡振震2016,
  Title                    = {符合 GB7714-2015 标准的 biblatex 参考文献样式文件},
  Author                   = {胡振震},
  Date                     = {2016-07-01},
  Url                      = {https://ctan.org/pkg/biblatex-gb7714-2015},
  Urldate                  = {2018-04-23}
}

@Online{Alliance--,
  Title                    = {WiMedia Alliance},
  Url                      = {www.wimedia.org}
}

@Book{booknodate,
  Title                    = {出版集团研究},
  Author                   = {余敏},
  Pages                    = {179-193},
  Publisher                = {中国书籍出版社},
  Location                 = {北京}
}

@Book{booknopublishernoyear,
  Title                    = {出版集团研究},
  Author                   = {余敏},
  Location                 = {北京}
}

@Online{Commonwealth--,
  Title                    = {Pennsylvania library laws},
  Author                   = {{Commonwealth libraries bureau of library development.Pennsylvania department of education office}},
  Url                      = {http://www.racc.edu},
  Urldate                  = {2013-03-24}
}

@Report{Eggrers--,
  Title                    = {One-dimensional flows of an imperfect diatomic gas},
  Author                   = {Eggrers, A. J.},
  Number                   = {959},
  Type                     = {NACA report}
}

@Online{HOPKINSON--,
  Title                    = {UNIMARC and metadata: Dublin Core},
  Author                   = {A HOPKINSON},
  Url                      = {http://www.rfla.org/IV/rfla64/13801613.htm},
  Urldate                  = {1999-12-08}
}

@Online{JabRef中文手册--,
  Title                    = {JabRef中文手册},
  Url                      = {http://blog.csdn.net/zd0303/article/details/7676807}
}

@Online{JabRefManual--,
  Title                    = {JabRef Manual},
  Url                      = {http://blog.csdn.net/zd0303/article/details/7676807}
}

@Online{OCLC--a,
  author  = {{Online Computer Library Center, Inc.}},
  title   = {History of OCLC},
  url     = {http://www.oclc.org/about/history/default.htm},
  urldate = {2000-01-08},
}

@Book{Parsons2000nodate--,
  Title                    = {The Mobile Radio Propagation Channel},
  Address                  = {Hoboken},
  Author                   = {Parsons, J. D.},
  Edition                  = {2},
  Publisher                = {John Wiley and Sons}
}

@Book{Parsons2000nopubnoyear--,
  Title                    = {The Mobile Radio Propagation Channel},
  Address                  = {Hoboken},
  Author                   = {Parsons, J. D.},
  Edition                  = {2}
}

@Book{standardinfoiso158,
  Title                    = {Information and documentation-the Dublin core metadata element set:ISO 15836:2009},
  Note                     = {standard},
  Url                      = {http://www.iso.org},
  Urldate                  = {2013-03-24}
}

@Book{鸟哥--,
  Title                    = {鸟哥的linux私房菜},
  Author                   = {鸟哥},
  Edition                  = {3},
  Publisher                = {人民邮电出版社}
}

@Online{olqa2016--,
  Title                    = {求助beamerposter制作海报时参考文献样式的问题},
  Date                     = {2016},
  Url                      = {http://bbs.ctex.org/forum.php?mod=viewthread&tid=153061&page=1&extra=#pid544787}
}

@Online{北京交通大学研究生公众号2016--,
  Title                    = {新学期定个小目标—学会在LaTeX中管理参考文献},
  Author                   = {北京交通大学研究生公众号},
  Date                     = {2016-09-17},
  Url                      = {http://www.latexstudio.net/archives/7488}
}

@Online{olref2016--,
  Title                    = {如何在LaTeX写作中管理参考文献?},
  Date                     = {2016-08-12},
  Url                      = {http://www.latexstudio.net/archives/7131}
}

@Online{文献助手2016--,
  Title                    = {参考文献格式搜索神器上线了},
  Author                   = {文献助手},
  Date                     = {2016-09-21},
  Url                      = {http://www.latexstudio.net/archives/7560}
}

@Book{IFLAI1977b--,
  Title                    = {Names of persons: national usages for entry in catalogues},
  Author                   = {{International Federation of Library Association and Institutions} and {FCC} and {FBI} and {CIA}},
  Edition                  = {3},
  Publisher                = {IFLA International Office for UBC},
  Year                     = {1977},
  Location                 = {London}
}

@Inproceedings{r27-BenHadjAlaya-FekiA.2008-1-5,
  Title                    = {Interference cartography for hierarchical dynamic spectrum access},
  Address                  = {Chicago, IL},
  Author                   = {{Ben Hadj Alaya-Feki A.} and B. Sayrac and S. Ben Jemaa and E. Moulines},
  Booktitle                = {Proc. IEEE Symp. on New Frontiers in Dynamic Spectrum Access Networks (DySPAN)},
  Date                     = {2008-10},
  Pages                    = {1-5}
}

@Book{中国企业投资协会2014--,
  Title                    = {投资台湾:大陆企业赴台投资指南},
  Address                  = {北京},
  Author                   = {{中国企业投资协会} and 台湾并购与私募股权协会 and 汇盈国际投资集团 and 国际投资集团},
  Publisher                = {九州出版社},
  Year                     = {2014}
}

@Book{中国企业投资协会2015--,
  Title                    = {投资台湾:大陆企业赴台投资指南},
  Address                  = {北京},
  Author                   = {中国企业投资协会 and 台湾并购与私募股权协会 and 汇盈国际投资集团 and 国际投资集团},
  Publisher                = {九州出版社},
  Year                     = {2015}
}

@Manual{Tantau2015--,
  Title                    = {The beamer class -- User Guide for version 3.36},
  Author                   = {Till Tantau and Joseph Wright and Vedran Miletić},
  Date                     = {2015-03-08},
  Url                      = {http://bitbucket.org/rivanvx/beamer}
}

@Manual{Oetiker--,
  Title                    = {一份不太简短的LATEX2ε介绍},
  Author                   = {Tobias Oetiker and Hubert Partl and Irene Hyna and Elisabeth Schlegl},
  Date                     = {2017-03},
  Translator               = {ChinaTEX论坛},
  Url                      = {https://ctan.org/pkg/lshort-zh-cn},
  Urldate                  = {2018-04-23},
  Version                  = {5.10}
}

@Manual{Daly2010--,
  Title                    = {Natural Sciences Citations and References (package natbib)},
  Author                   = {Patrick W. Daly},
  Date                     = {2010-09-13},
  Url                      = {https://ctan.org/pkg/natbib},
  Urldate                  = {2018-04-27},
  Version                  = {8.31b}
}

@Manual{Arseneau2010--,
  Title                    = {chapterbib multiple bibliographies in LATEX},
  Author                   = {Donald Arseneau},
  Date                     = {2010-09-05},
  Url                      = {https://ctan.org/pkg/chapterbib},
  Urldate                  = {2018-04-23}
}

@Manual{Shell2013--,
  Title                    = {Mciteplus: Enhanced Multicitations},
  Author                   = {Michael Shell},
  Date                     = {2013-09-13},
  Url                      = {https://ctan.org/pkg/mciteplus},
  Urldate                  = {2018-04-23},
  Version                  = {1.2}
}

@Online{Hansen2008--,
  Title                    = {The multibib Package},
  Author                   = {Thorsten Hansen},
  Date                     = {2008-12-10},
  Url                      = {https://www.ctan.org/pkg/multibib},
  Urldate                  = {2018-05-04},
  Version                  = {v1.4}
}

@Online{Seindal1994--,
  Title                    = {Inline bibliography style},
  Author                   = {René Seindal},
  Date                     = {1994-12-06},
  Url                      = {https://www.ctan.org/pkg/inlinebib},
  Urldate                  = {2018-05-04}
}

@Book{booknopubitems,
  Title                    = {出版集团研究},
  Author                   = {余敏},
  Date                     = {2001},
  Pages                    = {50-63}
}

@Comment{jabref-meta: databaseType:biblatex;}

@Comment{jabref-entrytype: Newspaper: req[] opt[]}
