%% 
%% bib file modified by biblatex-map.py
%% 2019-03-19T22:25:30
%% 


@article{Giorgetti2005-2139-2149,
	title = {The effect of narrowband interference on wideband wireless communication systems},
	author = {Giorgetti, A. and Chiani, M. and Win, M. Z.},
	journal = {IEEE Trans. Commun.},
	number = {12},
	pages = {2139-2149},
	volume = {53},
	year = {2005},
}

