%% 
%% bib file modified by biblatex-map.py
%% 2019-02-27T19:09:51
%% 


@inproceedings{裴丽生1981-2-10,
	author = {裴丽生},
	title = {在中国科协学术期刊编辑工作经验交流会上的讲话},
	booktitle = {中国科协学术期刊编辑工作经验交流会资料选},
	year = {1981},
	editor = {中国科学技术协会},
	publisher = {中国科学技术协会学会工作部},
	pages = {2--10},
	address = {北京},
}

@book{赵学功2001--,
	author = {赵学功},
	title = {当代美国外交},
	year = {2001},
	publisher = {社会科学文献出版社},
	url = {http://www.cadal.zju.edu.cn/book/trySinglePage/33023884/1},
	urldate = {2014-06-11},
	address = {北京},
}

@periodical{中国图书馆学会1957--,
	title = {图书馆学通信},
	address = {北京},
	date = {1957/1990},
	editor = {中国图书馆学会},
	institution = {北京图书馆},
	number = {1-4},
}

@periodical{中国图书馆学会1957a--,
	title = {图书馆学通信},
	date = {1957/1990},
	editor = {中国图书馆学会},
	institution = {北京图书馆},
	number = {1-4},
}

@periodical{中国图书馆学会1957b--,
	title = {图书馆学通信},
	address = {北京},
	date = {1957/1990},
	editor = {中国图书馆学会},
	number = {1-4},
}

@periodical{中国图书馆学会1957c--,
	title = {图书馆学通信},
	date = {1957/1990},
	editor = {中国图书馆学会},
	number = {1-4},
}

@inproceedings{Nemec1997-209-214,
	title = {Force control of redundant robots},
	author = {B Nemec},
	booktitle = {Processings of Symposium on Robot Control},
	pages = {209-214},
	country = {Nantes France},
	year = {1997},
}

@book{Parsons2000noloc--,
	title = {The Mobile Radio Propagation Channel},
	author = {Parsons, J. D.},
	edition = {2},
	publisher = {John Wiley and Sons},
	year = {2000},
}

@book{Parsons2000nopub--,
	title = {The Mobile Radio Propagation Channel},
	address = {Hoboken},
	author = {Parsons, J. D.},
	edition = {2},
	year = {2000},
}

@book{booknolocation,
	title = {出版集团研究},
	author = {余敏},
	date = {2001},
	pages = {179-193},
	publisher = {中国书籍出版社},
}

@book{booknopublisher,
	title = {出版集团研究},
	author = {余敏},
	date = {2001},
	location = {北京},
}

@thesis{吴云芳2003--,
	title = {面向中文信息处理的现代汉语并列结构研究},
	address = {北京},
	author = {吴云芳},
	institution = {北京大学},
	url = {http://thesis.lib.pku.edu.cn/dlib/List.asp?lang=gb&type=Reader&DocGroupID=4&DoclD=6328},
	urldate = {2013-10-14},
	year = {2003},
}

@thesis{吴云芳2003a--,
	title = {面向中文信息处理的现代汉语并列结构研究},
	address = {北京},
	author = {吴云芳},
	url = {http://thesis.lib.pku.edu.cn},
	urldate = {2013-10-14},
	year = {2003},
}

@thesis{吴云芳2003b--,
	title = {面向中文信息处理的现代汉语并列结构研究},
	author = {吴云芳},
	institution = {北京大学},
	url = {http://thesis.lib.pku.edu.cn},
	urldate = {2013-10-14},
	year = {2003},
}

@thesis{吴云芳2003c--,
	title = {面向中文信息处理的现代汉语并列结构研究},
	author = {吴云芳},
	url = {http://thesis.lib.pku.edu.cn},
	urldate = {2013-10-14},
	year = {2003},
}

@online{李强2012-05-03--,
	title = {化解医患矛盾需釜底抽薪},
	author = {李强},
	url = {http://wenku.baidu.com},
	urldate = {2013-03-25},
	year = {2012-05-03},
}

@book{booknopubitems,
	title = {出版集团研究},
	author = {余敏},
	date = {2001},
	pages = {50-63},
}

