@Inproceedings{Nemec1997-209-214,
  Title                    = {Force control of redundant robots},
  Author                   = {B Nemec and Zhao, Mou Mou},
  Booktitle                = {Processings of Symposium on Robot Control},
  shortbooktitle ={(PSRC)},
  Pages                    = {209-214},
  Country                  = {Nantes France},
  Year                     = {1997},
  AUTHOR+an = {2=thesisauthor},
}

@Article{Chiani1998-2998-3008,
  Title                    = {Error probability for block codes over channels with block interference},
  Author                   = {Zhao, Mou Mou and Chiani, M.},
  Journal                  = {IEEE Trans. Inf. Theory},
  shortbooktitle ={(ITIT)},
  Number                   = {7},
  Pages                    = {2998-3008},
  Volume                   = {44},
  Year                     = {1998},
  AUTHOR+an = {1=thesisauthor},
}
