%% 
%% bib file modified by bibmap.py
%% 2024-12-12T11:34:39
%% 


@book{bjszxmzhzjwyh,
	author = {北京市政协民族和宗教委员会 and 北京联合大学民族与宗教研究所},
	title = {历代王朝与民族宗教},
	address = {北京},
	publisher = {民族出版社},
	year = {2012},
	pages = {112},
	key = {bei3jing1fu2zheng4xie2min2zu2he2zong1jiao1wei1yun4hui4 and bei3jing1lian2ge3da4xue2min2zu2yu2zong1jiao1yan2jiu1suo3},
}

@inproceedings{Foerster2002-1931-1935,
	title = {Interference modeling of pulse-based UWB waveforms on narrowband systems},
	address = {Birmingham, AL},
	author = {Foerster, J. R.},
	booktitle = {Proc. {IEEE} Veh. Technol. Conf.},
	pages = {1931-1935},
	volume = {4},
	year = {2002},
}

@inproceedings{Fontana2002-309-313,
	title = {An insight into UWB interference from a shot noise perspective},
	address = {Baltimore, MD},
	author = {Fontana, R. J.},
	booktitle = {Proc. of {IEEE} Conference on Ultrawideband Systems and Technologies ({UWBST})},
	pages = {309-313},
	year = {2002},
}

@article{walls,
	author = {Walls, Susan C. and Barichivich, William J. and Brown, Mary E.},
	title = {Drought, Deluge and Declines: the Impact of Precipitation Extremes on Amphibians in a Changing Climate},
	journal = {Biology},
	year = {2013},
	volume = {2},
	number = {1},
	pages = {399--418},
	urldate = {2013-11-04},
	url = {http://www.mdpi.com/2079-7737/2/1/399},
	doi = {10.3390/biology2010399},
}

@standard{qgxxywxbzhjswyh,
	author = {全国信息与文献标准化技术委员会},
	series = {信息与文献},
	title = {都柏林核心元数据元素集},
	number = {GB/T 25100—2010},
	address = {北京},
	publisher = {中国标准出版社},
	year = {2010},
	pages = {2--3},
	key = {quan2guo2xin4xi1yu2wen2xian4biao1zhun3hua1ji4shu4wei1yun4hui4},
}

@periodical{zgtsgxh,
	author = {中国图书馆学会},
	title = {图书馆学通讯},
	year = {1957/1990},
	number = {1-4},
	address = {北京},
	publisher = {北京图书馆},
	key = {zhong1guo2tu2shu1guan3xue2hui4},
}

@archive{bjsrmzfbgt,
	author = {北京市人民政府办公厅},
	title = {关于转发北京市企业投资项目核准暂行实施办法的通知: 京政办发[2005]37号},
	year = {2005},
	date = {2005-07-12},
	urldate = {2011-07-12},
	url = {http://china.findlaw.cn/fagui/p_1/39934.html},
	key = {bei3jing1fu2ren2min2zheng4fu3ban4gong1ting1},
}

@book{wfz,
	author = {王夫之},
	title = {宋论},
	edition = {刻本},
	address = {金陵},
	publisher = {湘乡曾国荃},
	year = {1865（清同治四年）},
	key = {wang2fu1zhi1},
}

@book{sommers,
	author = {Fan, Xuetong and Sommers, Christopher H.},
	title = {Food Irradiation Research and Technology},
	edition = {2},
	address = {Ames, Iowa},
	publisher = {Blackwell Publishing},
	year = {2013},
	pages = {25--26},
	urldate = {2014-06-26},
	url = {http://onlinelibrary.wiley.com/doi/10.1002/9781118422557.ch2/summary},
}

@incollection{wfz2,
	title = {周易外传：卷 5},
	editor = {王夫之},
	booktitle = {船山全书},
	number = {6},
	address = {长沙},
	publisher = {岳麓书社},
	year = {2011},
	pages = {1109},
}

@incollection{mks,
	author = {马克思},
	title = {政治经济学批判},
	editor = {马克思 and 恩格斯},
	booktitle = {马克思恩格斯全集},
	volume = {35},
	address = {北京},
	publisher = {人民出版社},
	year = {2013},
	pages = {302},
	key = {ma3ke4sai1},
}

@inproceedings{jdq,
	author = {贾东琴 and 柯平},
	title = {面向数字素养的高校图书馆数字服务体系研究},
	editor = {中国图书馆学会},
	booktitle = {中国图书馆学会年会论文集},
	volume = {2011 年卷},
	address = {北京},
	publisher = {国家图书馆出版社},
	year = {2011},
	pages = {45--52},
	key = {gu3dong1qin2 and ke1ping2},
}

@patent{dyg,
	author = {邓一刚},
	title = {全智能节电器},
	number = {200610171314.3},
	year = {2006},
	date = {2006-12-13},
	key = {deng4yi1gang1},
}

@techreport{zghlwlxxzx,
	author = {中国互联网络信息中心},
	title = {第 29 次中国互联网络发展现状统计报告},
	year = {2012},
	date = {2012-01-16},
	urldate = {2013-03-26},
	url = {http://www.cnnic.net.cn/hlwfzyj/hlwxzbg/201201/P020120709345264469680},
	key = {zhong1guo2hu4lian2wang3lao4xin4xi1zhong1xin1},
}

@phdthesis{deverell,
	author = {Deverell, William and Igler, David},
	title = {A Companion to {California} History},
	address = {New York},
	school = {John Wiley \& Sons},
	year = {2013},
	pages = {21--22},
	date = {2013-11-15},
	urldate = {2014-06-24},
	url = {http://onlinelibrary.wiley.com/doi/10.1002/9781444305036.ch2/summary},
	doi = {10.1002/9781444305036.ch2},
}

@proceedings{czy,
	editor = {陈志勇},
	series = {中国财税文化价值研究},
	title = {“中国财税文化国际学术研讨会”论文集},
	address = {北京},
	publisher = {经济科学出版社},
	year = {2011},
	urldate = {2013-10-14},
	url = {http://apabi.lib.pku.edu.cn/usp/pku/pub.mvc?pid=book.detail&metaid=m.201106228-BPO-889-0135&cult=CN},
}

@techreport{calkin,
	author = {Calkin, D and Ager, A and Thompson, M},
	title = {A Comparative Risk Assessment Framework for Wildland Fire Management: the 2010 Cohesive Strategy Science Report},
	number = {RMRS-GTR-262},
	year = {2011},
	pages = {8--9},
}

@incollection{buseck,
	author = {Buseck, P R and Nord, Jr, G L and Veblen, D R},
	title = {Subsolidus Phenomena in Pyroxenes},
	booktitle = {Pyroxense},
	address = {Washington, D.C.},
	publisher = {Mineralogical Society of America},
	year = {c1980},
	pages = {117--211},
}

