%% 
%% bib file modified by bibmap.py
%% 2024-04-29T18:56:40
%% 


@inproceedings{Nemec1997-209-214,
	title = {Force control of redundant robots},
	author = {B Nemec and Zhao, Mou Mou},
	booktitle = {Processings of Symposium on Robot Control},
	shortbooktitle = {(PSRC)},
	pages = {209-214},
	country = {Nantes France},
	year = {1997},
	author+an = {2=thesisauthor},
}

@article{Chiani1998-2998-3008,
	title = {Error probability for block codes over channels with block interference},
	author = {Zhao, Mou Mou and Chiani, M.},
	journal = {IEEE Trans. Inf. Theory},
	shortbooktitle = {(ITIT)},
	number = {7},
	pages = {2998-3008},
	volume = {44},
	year = {1998},
	author+an = {1=thesisauthor;2=corresponding},
}

@article{Chiani1998a,
	title = {Error probability for block codes over channels with block interference},
	author = {Zhang, Mou Mou and Chiani, M.},
	journal = {IEEE Trans. Inf. Theory},
	shortbooktitle = {(ITIT)},
	number = {7},
	pages = {2998-3008},
	volume = {44},
	year = {1998},
	author+an = {2=corresponding},
}

