
@newspaper{egbookpubdatec--,
  title  = {中文书},
  date ={2013-01-08}
}

@newspaper{egdatevolnumpageg--,
  title        = {article of journal},
  date         = {2013-03-16},
  number       = {1}
}

@Newspaper{余建斌2013--,
  author  = {余建斌},
  date    = {2013-01-12},
  journal = {人民日报},
  number  = {2},
  title   = {我们的科技一直在追赶: 访中国工程院院长周济},
  url     = {http://paper.people.com.cn/rmrb/html/2013-01/12/nw.D110000renmrb_20130112_5-02.htm},
  urldate = {2013-03-20},
  year    = {2013},
}
%  Number                   = {14},

@Newspaper{张田勤2000--,
  Title                    = {犯罪DNA库与生命伦理学计划},
  Author                   = {张田勤},
  Date                     = {2000-11-12},
  Journaltitle             = {大众科技报},
  Note                     = {news},
  Number                   = {7}
}
