
@report{中子反射--,
  title     = {中子反射数据分析技术:CNIC-01887}
}

@Report{WHO1970--,
  Title                    = {Factors regulating the immune response},
  Author                   = {{World Health Organization}},
  Date                     = {1970},
  Institution              = {WHO},
  Location                 = {Geneva},
  Titleaddon               = {report of WHO Scientific Group}
}

@Report{DTFHA1990--,
  Title                    = {Guidelines for handling excavated acid-producing materials: PB 91-194001},
  Author                   = {{U.S. Department of Transportation Federal Highway Administration}},
  Institution              = {U.S. Department of Commerce National Information Service},
  Location                 = {Springfield},
  Year                     = {1990}
}

@Report{Calkin2011-8-9,
  Title                    = {a comparative risk assessment framework for wildland fire management: the 2010 cohesive strategy Science report: RMRS-GTR-262},
  Author                   = {Calkin, D and Ager, a. and Thompson, m.},
  Pages                    = {8-9},
  Year                     = {2011}
}

@Report{中华人民共和国国务院新闻办公室2013-04-16--,
  Title                    = {国防白皮书:中国武装力量的多样化运用},
  Author                   = {中华人民共和国国务院新闻办公室},
  Url                      = {http://www.mod.gov.cn},
  Urldate                  = {2014-06-11},
  Year                     = {2013},
  date                     = {2013-04-16}
}

@Report{汤万金2013-09-30--,
  Title                    = {人体安全重要技术标准研制最终报告: 7178999X},
  Author                   = {汤万金 and 杨跃翔 and 刘文 and others},
  Url                      = {http://www.nstrs.org.cn},
  Urldate                  = {2014-06-24},
  date                     = {2013-09-30},
  Year                     = {2013}
}

@Report{Eggrers--,
  Title                    = {One-dimensional flows of an imperfect diatomic gas},
  Author                   = {Eggrers, A. J.},
  Number                   = {959},
  Type                     = {NACA report}
}



@TechReport{Humphrey1971--,
  Title                    = {The sonic throat method and real gas one-dimensional flow: an application to air and nitrogen},
  Author                   = {Humphrey, Richard L. and Wagner, Jerry L.},
  Year                     = {1971},
  Number                   = {730029},
  Type                     = {AD}
}

@TechReport{中国互联网络信息中心2012--,
  author  = {中国互联网络信息中心},
  title   = {第 29 次中国互联网络发展现状统计报告},
  year    = {2012},
  date    = {2012-01-16},
  url     = {http://www.cnnic.net.cn/hlwfzyj/hlwxzbg/201201/P020120709345264469680},
  urldate = {2013-03-26},
}
